3125 4900
383 287 464 358 uu.
479 285 543 356 111,
576 283 941 360 OERONOLOGIGUS.
1135 287 1212 362 699

111 474 218 536 snpra.
258 462 376 536 tempus
398 453 481 534 qnod
502 454 667 534 nugantur
687 452 743 516 sub
764 452 872 516 boram
892 451 1014 516 tertiam
1028 451 1087 516 disi
1102 465 1214 536 sensa,

112 535 172 616 ἐφ’
197 534 280 620 ι’ίραιι
294 543 398 624 τρίτην
415 545 473 622 τῆς
496 539 582 620 irrue
595 533 712 623 ἡμέρας
717 585 727 617 ,
747 541 887 602 tenebras
901 541 992 620 magis
1010 559 1100 619 quarn
1115 542 1213 604 lucam

111 625 260 702 offundit,
282 635 313 684 et
326 625 398 685 dum
411 623 554 685 terminos
567 644 665 703 neque
675 625 830 685 initiorum
841 645 935 704 nequa
946 625 1050 686 finium
1064 629 1214 707 praescri·

111 709 162 770 bit
176 711 327 787 rimatio,
347 719 411 770 tam
424 711 550 771 liberum
561 711 683 772 amandi
697 711 797 772 locum
811 711 884 772 taut
895 731 984 790 qnam
994 710 1145 774 ducendae
1158 733 1214 777 va-

112 795 202 856 ritati
216 795 298 856 viam
313 794 454 858 occludit.

203 911 240 979 11.
283 914 499 991 Quamobrem,
519 913 606 976 utin
626 913 675 976 bis
694 914 822 976 tenebris
835 915 891 976 lux
907 913 1171 996 sliqusflveritatis,
1189 917 1217 978 si

100 1017 197 1078 ·qnac
218 999 301 1077 insit,
323 1010 516 1080 agnoscatur,
538 1010 607 1061 ante
627 1002 726 1062 omnia
746 1000 1065 1079 constituendumque
1085 1022 1163 1062 anno
1184 1009 1217 1064 et

118 1104 182 1162 qno
204 1083 275 1144 anni
295 1094 429 1165 tempore
448 1087 569 1146 vivendi
586 1085 675 1147 finem
695 1087 968 1167 ieceritimpsrator
984 1085 1010 1144 is
1026 1085 1064 1144 de
1083 1105 1142 1164 quo
1156 1088 1217 1147 Pa-

119 1167 275 1248 cbymeres
288 1169 340 1231 hic
353 1171 419 1250 agit
445 1170 538 1230 facem
550 1174 680 1251 praefert
691 1171 764 1233 buic
774 1171 915 1233 historiae
931 1171 1105 1231 obscuritati
1120 1172 1217 1232 Geor-

120 1253 187 1332 gius
199 1254 369 1337 Acropolita
382 1276 408 1316 c.
419 1257 475 1330 52,
498 1266 602 1317 auctor
616 1266 771 1318 accuratus
784 1267 815 1317 et
830 1257 951 1333 nobilis,
972 1255 1024 1336 qni
1040 1277 1153 1316 summa
1169 1255 1219 1318 di-

48 1340 49 1355 *
121 1339 242 1417 ligentia
255 1360 305 1399 res
321 1340 367 1400 sui
380 1341 523 1421 temporis
535 1343 623 1404 certis
636 1343 716 1403 notis
730 1343 814 1424 quasi
828 1343 906 1404 veris
920 1341 1067 1402 coloribus
1080 1342 1145 1424 pari
1158 1341 1219 1402 ele·

48 1456 49 1459 ¹
122 1424 221 1504 gantia
235 1443 270 1483 ac
280 1424 340 1486 fida
354 1425 499 1506 depinxit.

208 1507 237 1570 Is
251 1527 321 1590 ergo
334 1521 460 1572 mortem
474 1511 603 1573 duorum
617 1511 829 1594 imperatorum
838 1511 1063 1574 IoannisDucae
1077 1519 1108 1571 et
1118 1509 1221 1572 Theo*

48 1602 50 1615 '
125 1591 193 1653 dori
204 1594 334 1656 bracaris
345 1595 399 1657 filii
410 1598 473 1656 eiua
483 1597 526 1656 its
540 1598 686 1676 describit,
701 1609 738 1659 nt
750 1619 862 1659 aunum
875 1607 905 1658 ct
921 1597 991 1658 anni
1002 1616 1130 1658 mensem
1143 1597 1222 1656 clara

47 1688 52 1725 i
125 1679 282 1759 exprimat
304 1681 347 1741 ait
361 1683 441 1742 enim
455 1682 494 1740 da
505 1683 623 1761 Ioanne,
638 1684 742 1745 obiisaa
756 1685 843 1744 illum
858 1683 935 1745 diem
952 1689 1117 1742 exuemum
1131 1681 1222 1747 stat

126 1764 266 1826 Octobris
287 1786 381 1828 annos
399 1776 504 1830 natum
522 1767 598 1830 duos
616 1779 648 1830 et
665 1770 833 1850 sexaginta,
854 1767 1012 1847 exquibus
1026 1766 1145 1846 triginta
1160 1775 1223 1826 tres

47 1882 51 1899 ·
126 1861 312 1929 regnaverat.
354 1851 447 1929 ἔνθα,
468 1852 582 1932 inquit,
602 1852 693 1915 idest
705 1856 745 1915 ad
758 1853 963 1936 Nymphaeum
974 1853 1027 1912 ubi
1038 1851 1161 1913 loannes
1172 1849 1224 1911 vi-

128 1943 190 1994 tam
203 1936 310 2014 finivit,
325 1936 378 2000 ιιαί
389 1934 426 2001 τί
435 1935 530 2019 porois
542 1934 745 2024 ίλιιτοόρρησι
756 1942 840 2024 τρίτῃ
854 1939 1024 2004 Καλανδῶν
1038 1937 1224 2018 Νοεμβρίοο,

47 2038 53 2073 =
129 2014 276 2100 ἐξήκοντα
290 2019 342 2084 καί
358 2015 432 2099 isio,
455 2020 497 2097 οίς
510 2023 543 2086 οἱ
554 2021 592 2087 roi
606 2024 678 2108 περί
691 2019 788 2088 aoros?
802 2021 1010 2106 ἀκριβέστερον
1025 2017 1135 2096 εἰδότες
1150 2021 1227 2100 ἔφα·

130 2121 204 2168 σιιον
212 2148 222 2182 ,
243 2104 294 2186 ἔτη
315 2102 446 2187 βιοίσας,
467 2106 499 2183 ἐξ
512 2100 556 2171 aiv
568 2104 729 2191 τριάκοντα
740 2108 794 2172 ιιαί
805 2111 872 2191 τρία
886 2107 1087 2191 βιβασίλειιιιε.
1128 2105 1227 2166 idern·-

130 2208 188 2270 que
200 2190 290 2268 paulo
304 2201 374 2269 post
389 2193 498 2273 repetit
515 2192 553 2253 de
569 2214 648 2254 anno
662 2194 745 2274 regni
756 2197 814 2271 33,
836 2214 905 2254 cum
917 2193 960 2253 ait
974 2185 1129 2273 ίτιθνήιιει
1141 2185 1228 2272 piati

131 2271 271 2356 βασιλεία
292 2268 435 2358 Ἰωάννης
454 2282 499 2362 τῷ
514 2279 573 2340 viui
595 2273 691 2343 ατίτοῦ
705 2273 852 2364 Θεοδοίρρι
866 2274 923 2359 τήν
939 2277 1092 2360 βασιλείαν
1104 2280 1229 2340 satute-
1245 2283 1268 2338 P
1282 2281 1336 2338 499

47 2386 73 2423 ι·
131 2354 245 2434 λοιποίς
263 2355 425 2465 τριάκοντα
438 2341 638 2444 salopiscire,
653 2359 820 2428 ίιανιίοντι.
860 2367 1005 2438 τοσοῦτος
1018 2357 1076 2448 γὰρ
1091 2359 1108 2424 ί
1121 2353 1231 2444 χρόνος

47 2474 54 2508 s
132 2437 213 2531 αὐτῷ
229 2443 342 2522 inacus
355 2445 407 2509 τισί
422 2452 569 2531 πατρικῆς
581 2450 734 2531 βασιλείας
746 2441 897 2533 ἐτύγχανε.

214 2562 264 2623 ΙΙΙ.
304 2563 363 2624 Hic
374 2584 468 2645 porro
480 2570 522 2631 88
535 2567 652 2648 imperii
664 2575 696 2626 et
707 2567 813 2628 mortis
824 2566 942 2626 loannis
956 2583 1052 2625 annus
1065 2573 1131 2625 urst
1143 2563 1233 2623 Chri·

134 2646 173 2706 sti
191 2646 287 2723 1255,
309 2658 379 2709 sato
397 2660 548 2731 receptam
568 2671 585 2710 a
606 2651 727 2711 Graecis
741 2671 820 2710 anno
839 2654 917 2715 1261
936 2649 1232 2727 Constantinopolim,

48 2785 50 2794 ,
135 2741 251 2807 sextas,
272 2743 342 2793 ante
362 2744 491 2794 mortem
509 2728 660 2796 Theoitori
676 2736 795 2794 Ioannis
813 2734 882 2810 filii,
903 2742 1044 2811 quartus,
1065 2740 1102 2792 ut
1115 2740 1233 2791 eonatst

135 2835 174 2875 ex
187 2818 271 2876 Duce
285 2816 436 2879 Michablis
449 2828 558 2901 nepote
573 2819 650 2881 ssiat
662 2838 688 2881 c.
703 2826 726 2887 2
738 2826 770 2879 et
781 2836 820 2877 ex
833 2837 907 2877 mox
921 2815 1054 2877 dicendis
1068 2816 1160 2896 magis
1174 2815 1233 2876 ad-

135 2900 195 2961 buc
226 2903 326 2968 stabit

206 2922 261 3047 pDe
275 2988 434 3050 Theodoro
445 3008 520 3051 vero
534 2988 615 3051 idem
625 2988 798 3071 Aeropoiits
808 2986 882 3048 hacc
891 2985 1034 3049 haberit.
1047 2983 1135 3050 att:
1156 2982 1234 3049 ἒιιιῖ·

137 3094 192 3145 νος
201 3068 256 3173 pto
270 3069 351 3138 οὕτω
363 3071 476 3156 pocione
488 3073 540 3140 noi
555 3072 646 3158 μήπω
657 3070 747 3150 ’ὀλοος
757 3074 901 3154 siccoque
912 3064 1068 3145 ἒνταοτοτίς
1082 3063 1233 3153 uirosqu-

48 3185 49 3216 ί
137 3150 1233 3325 {tittsstifttitttit{tttiiitti'ttti:itit

137 3326 252 3403 finitus,
274 3339 306 3389 et
316 3330 434 3391 initium
446 3334 532 3412 regni
546 3332 654 3393 mensis
668 3330 846 3405 Novembri,
865 3338 897 3389 et
909 3327 976 3388 finis
994 3329 1073 3388 vitas
1083 3326 1234 3405 Augustus

138 3414 362 3494 exprimuntur5
383 3435 476 3495 eaque
487 3417 614 3478 totidem
626 3415 726 3478 verbis
738 3416 818 3476 idem
831 3424 936 3475 auctor
945 3414 977 3474 in
990 3411 1136 3473 Chronico
1149 3431 1234 3471 com-

48 3535 49 3542 1
138 3497 292 3576 pendiario
305 3502 431 3581 repetit,
451 3504 559 3581 qsaibns
572 3500 755 3582 Nicephorus
769 3501 914 3579 Gregoras
926 3499 945 3559 l.
959 3504 980 3564 2
993 3498 1025 3557 in
1040 3497 1100 3557 fine
1113 3496 1234 3556 omnino

48 3597 49 3604 ¹
140 3585 326 3645 consentitin
336 3587 421 3647 amis
434 3587 558 3667 triginta
568 3588 744 3667 tn'bnstum
756 3586 871 3665 imperii
880 3584 988 3665 patris,
1008 3592 1074 3643 tum
1088 3583 1168 3641 ritae
1179 3580 1236 3676 ¹tilii

48 3687 49 3692 ¹
140 3684 207 3726 cum
221 3670 379 3749 imperium
395 3692 413 3730 a
433 3682 518 3752 patre
532 3674 677 3754 suscepit,
698 3682 765 3733 tum
785 3672 874 3730 etiam
888 3671 921 3731 in
937 3680 1067 3748 quatuor
1080 3666 1164 3725 annis
1177 3684 1238 3723 rm·-

139 3753 215 3832 perii
235 3756 388 3817 Theodori
406 3778 469 3817 nen
488 3757 628 3837 integris,
650 3778 719 3819 cnm
735 3754 841 3817 asserit
861 3774 929 3815 eum
945 3754 1016 3830 bb,
1037 3772 1108 3813 cum
1120 3749 1239 3831 trigeti·

48 3871 49 3874 =
140 3856 223 3896 mum
241 3850 361 3901 sextnrn
379 3840 461 3903 vitas
478 3863 589 3903 annum
609 3852 724 3923 ageret,
747 3842 933 3903 defunctum:
955 3838 1039 3903 ἕκτον
1053 3837 1105 3901 sat
1119 3857 1240 3916 τριαιιο·

142 3916 215 3983 στίν
236 3918 296 3988 too·
313 3926 457 4008 portator
475 3921 586 4009 χρόνον
605 3922 762 4011 οίριιίβοττι
779 3922 872 4001 τόσος
888 3920 1045 4004 ἐνσκήπτει
1062 3926 1103 4008 τῷ
1124 3922 1242 4003 βασιλεῖ

142 4004 254 4088 χαλεπὴ
271 4010 324 4073 sui
337 4013 444 4095 βαρεῖα
457 4012 509 4075 soi
520 4008 598 4077 ὅπλα
609 4009 709 4093 φάναι
720 4006 860 4075 θανᾶτου
875 4014 1022 4093 φοροῦσα.
1251 4024 1254 4036 ·

226 4108 277 4170 Ν.
318 4112 373 4173 Est
393 4132 463 4194 ergo
477 4124 616 4176 mortuus
629 4114 752 4174 ioannes
765 4114 863 4174 Duces
877 4131 955 4171 anno
967 4107 1075 4169 Christi
1091 4103 1170 4173 1255
1178 4150 1187 4183 ,
1207 4104 1242 4165 iu

143 4194 202 4254 fine
218 4195 365 4273 Octobris,
386 4209 416 4259 et
428 4199 605 4262 Theodorus
616 4200 748 4261 bsscsris
759 4199 823 4259 eius
835 4198 915 4257 filius
927 4214 1006 4257 suno
1022 4192 1121 4267 1259,
1143 4208 1244 4251 mem

143 4280 287 4362 Augurto.
328 4302 404 4366 quse
416 4296 491 4349 noto
499 4286 644 4369 temporis
657 4293 741 4348 recte
752 4282 896 4349 moronis
908 4302 977 4345 cum
988 4298 1024 4342 sa
1036 4296 1126 4361 quarn
1139 4274 1243 4359 expri-
