3125 4900
331 207 406 283 648
634 202 869 275 OBSEthT.
892 200 1129 271 PAOEYMER.

334 371 497 454 σεωςιιαιιι
512 396 547 437 ro
536 366 692 437 taetris
706 366 913 449 ιξέιαμωινιξ
896 360 1319 451 ξιιροςιιςφθινόπωρονΐ
1302 386 1351 425 sn
1365 365 1454 427 ‹luo-
1506 331 1507 358 ’

332 465 390 524 bus
408 482 424 521 a
443 460 630 538 reliquorum
651 476 726 536 quos
741 454 964 515 nominavimus
977 453 1091 515 iudicio
1105 452 1229 516 recedit.
1272 452 1377 531 prius
1392 464 1453 527 est,

332 547 415 630 quod
428 547 464 604 ab
479 544 640 603 Occidente
656 560 759 605 veram
773 539 925 600 Orientem
942 548 1058 599 motum
1072 548 1209 599 cometen
1225 537 1339 611 dicat,
1363 539 1454 597 alte-

331 654 400 695 rum
421 628 502 709 quod
523 650 539 687 a
560 647 631 687 vere
646 645 741 705 usque
753 625 793 685 ud
805 634 994 698 autumnum,
1017 624 1141 683 camilli
1156 633 1265 683 contra
1282 633 1454 685 testastur

331 719 368 777 ab
385 713 529 775 Oriente
521 734 553 773 sn
569 712 716 771 Occasum
731 711 930 791 processisse,
949 719 980 769 et
998 709 1078 769 circa
1099 710 1264 769 aebutium
1283 710 1452 769 aestivum

331 803 465 882 coepisse
482 818 637 879 apparere
677 797 709 855 in
734 795 793 855 hac
816 794 1019 856 connoveraia
1042 803 1079 855 ut
1098 796 1186 855 sacile
1211 795 1454 893 adstipulamur

331 887 469 968 pluribus
487 893 591 943 eontra
605 902 718 957 unum,
740 880 815 941 lacit
831 880 914 962 quod
925 880 1015 940 etiam
1030 880 1149 940 aliunde
1162 881 1380 960 comperimus
1390 882 1453 939 Pa-

332 972 501 1051 chymerem
522 966 805 1067 οροχυμεριστερον’
795 985 828 1025 ιιι
850 964 942 1025 leuius
961 974 1093 1027 cometae
1105 966 1320 1025 observatione
1334 986 1451 1025 vesn-

332 1068 408 1117 tum.
449 1054 482 1112 id
500 1054 578 1112 enim
592 1051 769 1111 testificatur
784 1050 906 1129 quidam
919 1050 1070 1127 eruditus,
1090 1061 1281 1132 utapparat‚
1304 1052 1382 1111 eius
1398 1052 1451 1110 ιο-

333 1151 410 1217 ctor,
432 1159 483 1219 qur
474 1137 630 1198 codicem
643 1136 744 1195 hunc
735 1156 844 1216 apsens
864 1156 954 1215 quem
965 1136 1092 1197 fundum
1103 1136 1244 1197 editionis
1259 1136 1449 1235 haimim,
1506 1135 1507 1170 ³

332 1226 429 1285 oculis
442 1224 610 1283 subiectum
622 1220 733 1282 habens
746 1232 848 1283 tenere
859 1242 892 1281 ss
903 1243 966 1282 non
980 1222 1080 1301 potuit
1091 1222 1166 1301 quin
1178 1242 1194 1281 a
1206 1222 1334 1301 ιοριοιιιο
1347 1221 1452 1282 huma

332 1310 394 1371 loci
410 1310 449 1368 ad
462 1307 624 1410 marginem
639 1307 821 1367 adscriberet
833 1308 952 1367 rubrica
964 1306 1059 1412 hapc'
1049 1328 1135 1409 apsa
1128 1309 1237 1369 verba·
1259 1332 1278 1371 o
1269 1305 1334 1370 ‘db
1347 1310 1450 1369 τοῦτο

332 1398 512 1501 παρισιρριῖ
555 1387 641 1475 ὁμοιρ
656 1388 808 1473 κομήτης,
828 1390 870 1466 ele
882 1386 1021 1473 ἡμεῖς’
981 1387 1246 1501 ρινροοριτειιιιοιμινΞ
1270 1387 1354 1467 ιζ’
1327 1416 1450 1455 ανατο-

332 1486 389 1560 isis
411 1502 469 1560 την
483 1477 610 1581 κίνησιν
627 1477 773 1551 ἐποιεῖτο,
784 1480 863 1578 περι
881 1501 942 1542 mo
959 1474 1015 1552 τοις
1026 1473 1134 1553 ’Τοιιας
1151 1474 1358 1557 φαινόμενος.
1402 1469 1449 1556 ἦν

333 1563 368 1629 di
386 1557 562 1667 ennepius,
586 1562 654 1645 ιιχα
673 1558 892 1643 διαιρούμενος.
933 1555 1112 1626 οὐδὲτοῦτο
1131 1568 1320 1668 παρισιοριῖ.
1367 1562 1448 1635 ἴσως

334 1648 368 1713 di
377 1644 591 1753 βορειότεροι
619 1648 638 1713 d
660 1645 718 1731 yde
742 1649 820 1729 βοῦς
837 1651 898 1711 sois
913 1644 1086 1730 βορειοιν”
1063 1666 1197 1731 corpur,
1224 1644 1307 1711 ‘berou
1327 1647 1390 1709 παι
1412 1646 1449 1709 αι

331 1731 445 1809 Ὑάδες.
486 1732 605 1793 baec
581 1754 625 1794 sse
645 1734 750 1793 Latine
772 1743 896 1793 sonante
917 1734 1008 1793 aliter
1026 1732 1084 1792 boc
1103 1756 1143 1793 ac
1157 1756 1264 1793 revera
1275 1755 1310 1793 ae
1323 1733 1447 1791 babuit

333 1822 424 1896 refert
437 1819 614 1880 historicus.
655 1840 728 1879 narn
739 1830 856 1879 cometa
867 1838 925 1898 quo
938 1817 976 1875 de
988 1820 1106 1899 agitur,
1121 1831 1218 1900 prout
1229 1840 1289 1877 nos
1294 1821 1446 1897 propriis

225 1910 248 1962 P
265 1910 318 1967 454
335 1907 433 1965 oculis
457 1904 697 1981 observavimus,
720 1904 759 1963 ab
787 1906 907 1965 Oriente
927 1904 1104 1964 mouebatur
1125 1907 1208 1964 circo
1219 1903 1368 1982 Ιιῖγιιᾰαι
1384 1926 1446 1983 ap-

327 2012 451 2073 parens.
494 1992 836 2069 eratautemfumoaua,
857 1991 979 2050 divisus
991 1989 1149 2066 bifariam.
1190 1992 1225 2048 irs
1239 1990 1299 2048 illo
1311 1988 1445 2069 quidus

333 2075 425 2137 baud
437 2076 576 2134 aberrare
590 2097 611 2134 a
622 2096 689 2137 vero
704 2075 847 2150 dixerim,
871 2073 956 2155 quod
964 2079 1002 2135 in
1012 2068 1128 2133 boreali
1134 2087 1226 2155 porte
1234 2073 1366 2133 indicas
1384 2096 1445 2153 ap-

329 2164 494 2243 paruisse:
521 2164 640 2219 Tnurus
658 2164 807 2239 enim,sss
773 2164 807 2219 iss
831 2180 892 2240 quo
913 2172 987 2219 sunt
1007 2158 1151 2239 Hyadas,
1172 2161 1294 2219 boreale
1309 2164 1445 2239 signu*
1506 2177 1507 2194 ι

333 2260 387 2307 est.
431 2246 575 2305 hactenus
593 2266 718 2305 censura
738 2245 923 2324 marginalis3
946 2265 1023 2325 quse
1044 2246 1127 2345 quod
1148 2246 1191 2304 ait
1208 2244 1368 2305 indicasse
1385 2247 1443 2305 Pa-

335 2330 536 2409 chymsrem'
527 2350 559 2388 ιιι
584 2330 697 2391 boreali
721 2340 806 2410 pasta
830 2339 964 2391 cometen
982 2333 1168 2436 apparuisse,
1189 2331 1315 2391 etitulo
1323 2331 1442 2431 ospitis

334 2425 489 2495 sumptum
503 2423 558 2490 ost,
579 2414 653 2476 ubi
644 2436 676 2474 sn
690 2415 804 2476 Graeco
818 2415 929 2514 legitur
941 2414 1012 2498 scapi
1022 2438 1077 2480 ιον
1063 2415 1236 2498 ’φανέντος
1247 2408 1393 2497 ιιομήιοο
1406 2415 1440 2480 lz

321 2503 449 2583 βορρᾶ,
470 2459 578 2577 quibis
598 2520 729 2580 congrua
751 2523 776 2562 c.
793 2503 835 2566 25
856 2501 944 2562 initio
957 2501 1062 2562 scribit
1077 2513 1196 2579 noster,
1218 2501 1439 2562 Macedonibus

334 2596 366 2644 ct
390 2584 555 2646 Thracibus
576 2585 616 2644 ad
633 2587 873 2665 Septentrionem
893 2587 1151 2668 Constantinopoli
1174 2587 1313 2651 obversis
1335 2588 1438 2647 νιιιιιι

336 2690 400 2731 esse
413 2680 549 2730 cometen
564 2671 693 2730 infausta
705 2671 827 2747 minari,
848 2692 922 2751 quas
936 2672 1031 2731 minsa
1043 2683 1146 2753 postea
1158 2673 1267 2731 Sultsn
1278 2673 1438 2742 Antium,
1506 2694 1507 2739 l

337 2758 389 2835 qui
403 2755 628 2836 provinciarum
642 2754 761 2818 illarum
776 2756 937 2817 vastationi
953 2777 1071 2817 cansam
1084 2759 1190 2835 dedit,
1205 2759 1238 2816 in
1255 2778 1322 2817 ιιι
1341 2759 1438 2818 dedu-

336 2843 418 2901 1erit
424 2863 432 2918 3
457 2861 531 2922 quas
552 2842 720 2922 significant
738 2843 771 2902 in
792 2843 1022 2922 septentrionali
1044 2845 1120 2902 cosli
1135 2852 1219 2924 parta
1233 2853 1376 2904 cometen
1388 2845 1439 2902 vi·

337 2947 414 2986 suns.
457 2947 548 3008 perro
562 2947 599 2988 ex
618 2928 677 2988 hac
691 2935 762 2988 nota
778 2928 873 2987 obiter
886 2927 995 3008 colligo
1018 2929 1151 2988 codicem
1163 2929 1247 2988 bunc
1262 2947 1353 3008 quem
1368 2929 1438 2987 llar-

237 3028 242 3037 ’
336 3011 478 3070 berinuns
499 3033 516 3070 a
537 3014 695 3092 posteriori
716 3032 889 3094 possessore
905 3011 1047 3091 dicimus,
1069 3033 1086 3073 c
1105 3014 1229 3074 Graecia
1251 3015 1389 3073 delatum
1405 3013 1437 3071 in

338 3095 550 3156 bibliothecam
562 3099 675 3158 Urbani
688 3100 795 3159 Octavi
807 3101 864 3160 τοῦ
871 3101 1046 3180 poscebas,
1059 3099 1158 3160 videri
1171 3119 1210 3159 ax
1222 3099 1332 3179 primis
1344 3099 1439 3157 fuisse

341 3180 395 3259 qui
415 3201 471 3258 per
496 3182 600 3242 urbem
620 3183 912 3263 Constantinopolim
932 3184 1049 3262 vulgati
1074 3195 1146 3244 sunt
1167 3185 1289 3263 abipso
1312 3193 1438 3243 auctore

340 3285 426 3324 suam
446 3265 602 3326 historiam
625 3270 745 3344 edente,
767 3268 943 3329 visentibus
961 3269 1062 3329 adhoc
1075 3271 1178 3330 multia
1192 3272 1244 3348 qui
1258 3289 1364 3328 serum
1379 3268 1438 3327 lsac

338 3349 465 3409 historia
483 3361 671 3414 narratarum
692 3348 836 3418 ao’cbssrm
854 3355 992 3432 fueram,
1015 3375 1243 3434 quorum·unus
1256 3353 1380 3432 lapsum
1393 3351 1438 3412 bi-

339 3434 443 3494 storici
463 3435 496 3493 in
515 3437 660 3498 relations
678 3439 770 3500 huius
789 3439 988 3520 phaenomeni
1004 3459 1044 3499 ex
1060 3461 1114 3499 suo
1129 3441 1249 3499 oculato
1263 3438 1438 3498 testimonio

340 3521 516 3600 redarguere
529 3523 670 3601 potuerit.
712 3524 765 3604 qui
778 3524 860 3584 idem
873 3525 956 3604 qued
967 3524 1092 3585 verbum
1106 3527 1138 3584 in
1152 3525 1244 3584 titulo
1259 3524 1369 3603 capitis
1383 3544 1437 3604 pe-

341 3605 431 3665 situm
445 3607 565 3666 nomine
577 3607 707 3668 auctoris
721 3609 817 3688 ipsius
828 3611 916 3686 citat,
938 3620 973 3670 ut
984 3609 1132 3686 vidimus,
1152 3619 1361 3686 argumentum
1379 3629 1438 3668 ne·

340 3691 387 3749 his
408 3692 538 3770 suggerit
559 3693 703 3773 opinandi
721 3695 828 3754 titulos
848 3695 980 3776 capitum
995 3695 1032 3754 ab
1047 3697 1114 3776 ipso
1131 3695 1312 3774 Pachynsars
1324 3692 1438 3751 inditos

344 3785 374 3834 et
395 3776 598 3858 conscriptes,
620 3789 655 3838 ut
670 3780 702 3838 in
717 3779 806 3841 Barb.
819 3781 922 3841 codice
936 3791 966 3840 et
980 3781 1052 3841 inda
1064 3783 1098 3842 in
1111 3781 1314 3841 beneditione
1336 3789 1441 3837 nostra

345 3861 458 3921 Graece
476 3875 665 3942 comparent,
690 3865 794 3942 inissa,
822 3875 930 3927 contra
949 3887 1039 3946 quam
1058 3867 1205 3946 suspirari
1231 3865 1308 3924 lecte
1329 3863 1436 3941 aliquis

343 3955 447 4021 posset
465 3967 502 4006 ex
523 3969 558 4008 ee
580 3950 662 4028 quod
675 3949 708 4009 in
721 3951 872 4010 Allatiano
885 3952 989 4011 codice
1001 3952 1114 4030 alioqui
1130 3951 1245 4031 optimo
1259 3958 1290 4007 et
1301 3947 1434 4027 peranti-

345 4047 417 4103 quo,
438 4051 499 4091 non
514 4034 659 4112 legantur.
692 4036 798 4096 suadet
809 4035 885 4096 baec
897 4037 1009 4097 mantio
1026 4038 1136 4096 nobilis
1150 4044 1294 4108 comatae,
1315 4042 1347 4092 et
1358 4042 1434 4091 tem

343 4131 401 4190 pus
415 4133 474 4211 quo
485 4116 559 4177 haee
571 4120 734 4182 scribebam
748 4141 852 4181 manse
865 4123 965 4202 aprili
976 4142 1047 4181 anna
1038 4123 1157 4194 ’,1665
1178 4119 1327 4179 similibus
1341 4116 1435 4196 plrae-

344 4198 478 4256 nomenis
492 4221 676 4286 suspensum,
698 4217 734 4268 ut
747 4205 799 4266 bic
812 4207 927 4288 aliquid
941 4208 980 4267 de
992 4207 1117 4269 cometis
1125 4207 1224 4267 dicam
1235 4204 1273 4263 ab
1286 4202 1334 4262 his
1347 4202 1432 4282 quiu-
1506 4238 1507 4261 ;
