3125 4900
355 294 430 369 642
654 294 893 365 OBSERVAT.
915 290 1152 360 utentum

357 464 399 527 rit
412 464 535 523 loannes
547 462 708 541 imperator
725 458 842 519 boinloe
858 457 1003 518 frumenti
1018 454 1183 537 reponendi
1194 455 1229 515 in
1244 455 1381 515 omnm
1399 456 1474 516 nnn

351 550 428 611 'inde
442 549 537 609 obiter
552 546 685 607 minuere
699 543 737 603 ad
750 544 906 624 proprium
918 544 1032 602 victum
1039 587 1048 616 ,
1067 542 1121 601 sed
1131 542 1168 600 iia
1182 541 1308 600 aliunde
1320 542 1473 621 assignari

358 635 438 695 unde
453 634 486 691 in
501 632 556 692 tali
571 633 620 691 via
634 650 670 691 uc
684 628 849 689 ministerio
861 637 1062 688 vescerentur.

441 721 546 796 p.140
562 735 592 776 ν.
609 716 638 779 4.
681 714 761 773 idem
783 714 836 773 illo
860 714 1054 774 Cutritzocee.
1097 710 1208 769 mentio
1227 711 1422 770 carrinatis
1440 710 1473 768 iu

358 804 477 863 Graecis
490 802 578 860 editis
590 820 653 860 non
664 808 832 879 comperet:
851 798 903 857 iln
917 798 995 857 onim
1010 816 1147 877 expresso
1162 804 1235 854 sunt
1247 815 1290 854 ex
1303 796 1380 855 cod.
1393 796 1473 854 Bur-

253 901 274 957 ?
292 896 343 952 419
359 889 422 955 ber.
437 896 467 946 ot
479 888 585 960 Allat,
608 904 736 963 quorum
755 884 788 943 in
807 894 916 944 neutro
936 883 1051 962 legitur.
1093 882 1244 961 supplevit
1258 890 1374 940 autern
1388 891 1473 938 recte

358 974 532 1033 Vaticanus:
559 980 604 1028 est
621 970 699 1028 enirn
720 968 759 1027 ud
775 969 951 1030 sententium
974 967 1179 1046 explicandam
1194 966 1378 1025 necessaria.
1421 967 1472 1023 sste

246 1054 248 1064 '
359 1060 401 1121 sic
413 1057 518 1116 habet:
540 1050 622 1135 ὅμως
636 1050 727 1129 αὐτὸς
741 1046 860 1127 οὗτος,ὅ
874 1046 1095 1133 Κουτριτζᾶκης
1108 1046 1161 1113 riv
1172 1044 1268 1114 τόπον
1279 1055 1393 1125 καλῶς
1406 1051 1470 1111 ἐπι-

360 1136 513 1223 στάμενος.
556 1160 594 1199 ex
608 1160 667 1217 quo
683 1158 736 1199 nos
748 1147 847 1199 totum
861 1138 960 1197 locum
972 1136 1015 1196 sic
1028 1134 1246 1195 restituendum
1260 1137 1470 1215 putabamus:

359 1235 423 1301 τοῖς
437 1226 497 1289 dno
520 1224 691 1305 αλλομὲνοις
708 1222 878 1304 προσέχων,
898 1220 976 1302 ὁμοῦ
989 1218 1048 1304 γὰρ
1066 1214 1153 1293 odric
1168 1211 1258 1294 οὗτος
1275 1219 1296 1284 ὁ
1311 1226 1471 1297 Komme-

361 1308 452 1389 ξένης
473 1333 506 1372 ευ
530 1306 617 1383 εἰδώς
636 1314 696 1371 τῶν
714 1305 818 1373 τόπων
838 1304 952 1391 συνῄει.
996 1325 1071 1384 qnae
1082 1306 1211 1365 inserere
1226 1306 1396 1365 contextui
1408 1325 1472 1363 non

361 1400 424 1457 cusi
447 1405 549 1454 tamen
571 1393 797 1473 interpretando
817 1392 1028 1473 expressionum
1049 1391 1202 1449 manifeste
1221 1392 1336 1470 quippe
1361 1408 1472 1448 manco

357 1491 405 1541 est
418 1480 554 1539 codicum
569 1479 695 1538 aliorum
707 1479 811 1553 lectio,
832 1498 888 1538 nec
911 1495 1028 1536 sensum
1041 1495 1094 1555 per
1108 1495 1138 1533 se
1152 1476 1352 1535 commodum
1366 1475 1470 1536 efficit.

443 1586 473 1645 p.
495 1567 555 1628 139
576 1583 607 1629 ν.
624 1567 673 1628 18.
714 1564 774 1623 Iam
795 1562 878 1642 quod
896 1562 947 1622 hic
968 1570 1070 1621 noster
1089 1560 1281 1619 inevitabilis
1301 1562 1471 1639 efficacia

360 1670 422 1711 esse
443 1650 485 1709 uit
504 1648 624 1706 decreta
640 1648 865 1727 providentiae,
886 1648 912 1707 ai
924 1648 973 1707 cui
986 1645 1146 1706 videantur
1165 1645 1405 1706 addemnatam
1421 1646 1469 1704 sa-

358 1738 426 1795 talia
440 1733 618 1795 necessitatis
631 1732 797 1793 doctrinam
810 1742 958 1813 spectes-e,
982 1732 1178 1811 repudientur
1193 1742 1225 1791 et
1236 1732 1438 1811 corriguntur
1451 1748 1468 1786 o

358 1820 506 1903 prudente
518 1820 629 1878 lectore
642 1817 727 1879 iuxta
742 1818 849 1900 placitu
863 1816 1028 1878 orthodoxi
1045 1815 1197 1896 dogmatis.

443 1926 472 1986 p.
486 1903 540 1969 141
558 1923 587 1963 ν.
600 1908 650 1967 23.
692 1906 909 1964 naonurten'um
918 1901 964 1961 ad
973 1904 1097 1966 lientem
1108 1904 1212 1961 snum.
1244 1898 1336 1960 hune
1348 1900 1467 1959 sontem

360 1999 391 2049 et
404 1991 502 2049 locum
517 1988 656 2048 describit
666 1988 828 2071 Procopius
840 1989 893 2053 l.1
913 1987 983 2067 περὶ
1000 1982 1168 2068 κτισμάτων
1184 2007 1209 2045 c.
1224 1990 1261 2060 3,
1283 1986 1367 2045 dum
1388 1996 1464 2044 tem-

358 2076 402 2155 pli
422 2076 456 2135 iu
477 2072 623 2134 honorem
638 2073 775 2153 ‹leiporue
787 2074 829 2133 ibi
845 2094 863 2133 a
877 2072 1039 2132 lustinieuo
1053 2072 1165 2132 conditi
1177 2071 1316 2131 meminit
1324 2070 1380 2129 his
1394 2091 1464 2130 ver-

359 2160 420 2221 bis:
458 2159 559 2236 irspov
581 2157 613 2221 di
635 2156 717 2239 ἰερόν
738 2154 816 2244 αὐτῇ
842 2155 905 2243 (τῇ
927 2152 1080 2241 θεοτόκῳ)
1105 2156 1140 2220 ἐν
1163 2152 1250 2240 χοίρῳ
1278 2155 1461 2239 καλουμένῳ

358 2248 446 2331 πηγῇ
464 2240 623 2323 ἀνέθηκεν.
644 2238 780 2306 ἐνταῦθά
801 2240 862 2306 ion
875 2236 967 2316 ὂᾶσος
981 2244 1183 2323 κυπαρίσσων,
1201 2238 1317 2320 tirnaio
1330 2240 1366 2303 iv
1384 2241 1463 2303 ἄπα·

358 2334 424 2401 loir
439 2336 504 2400 ταῖς
518 2322 662 2407 ripoinum
673 2324 809 2408 τεθηλώς
823 2324 942 2403 decen,
956 2321 1135 2407 παράδεισος
1147 2320 1289 2406 εὔφορῶν
1300 2324 1341 2388 rei
1355 2323 1460 2408 ὁραῖσ,

357 2409 441 2495 πηγή
456 2406 596 2491 α’ψοφητὶ
610 2406 759 2491 βλύζουσα
770 2408 904 2494 γαληνόν
918 2408 951 2474 ri
963 2406 1045 2492 iidoc
1059 2410 1108 2475 soi
1124 2408 1262 2493 πότιμον.
1305 2409 1389 2471 haec
1400 2412 1459 2471 ille:

357 2515 433 2576 quae
446 2498 487 2554 sic
500 2497 600 2554 Latine
615 2505 721 2554 sonant
738 2515 778 2556 ex
790 2498 915 2576 eleganti
927 2497 1171 2576 interpretatione
1189 2496 1310 2556 Claudii
1326 2496 1459 2556 Maltreti

356 2582 467 2642 nostri:
489 2579 583 2638 eidem
605 2577 783 2664 (deiparae)
803 2583 948 2662 templum
968 2581 1060 2640 alind
1076 2581 1213 2641 condidit
1233 2580 1457 2662 (lastinianus)

357 2664 446 2747 apud
455 2667 594 2724 Fontem:
610 2667 655 2723 aio
669 2665 770 2725 locum
783 2669 939 2747 appellunt
945 2689 957 2742 ,·
981 2671 1016 2725 in
1033 2689 1094 2746 quo
1111 2669 1333 2747 opacissimum
1346 2679 1394 2726 est
1404 2689 1457 2725 cu·

351 2763 519 2832 preeeetnm
526 2774 537 2826 ‚·
550 2750 688 2832 floribus
701 2751 790 2810 molli
800 2753 864 2812 eolo
874 2752 1068 2834 surgentibus
1072 2765 1200 2834 pratum
1211 2764 1339 2833 νευραῖς
1356 2755 1458 2832 pomis

355 2837 498 2896 exuberat
517 2833 723 2912 υἰνίᾱσνιίιυι,Ι
737 2839 820 2914 fona
839 2841 938 2896 tacita
958 2841 1148 2919 scaturigine
1167 2838 1262 2896 lenem
1286 2850 1316 2896 et
1340 2837 1455 2898 dulcem

357 2943 473 3004 aquam
494 2920 631 3003 effundit.
676 2922 836 3001 templum,
856 2923 967 2982 utalia
986 2923 1140 3002 pleraque,
1162 2923 1396 2982 custodiendum
1413 2933 1456 2982 eet

355 3008 502 3067 traditum
523 3005 690 3080 monachis,
712 3007 820 3085 quibus
836 3006 1016 3066 domicilium
1036 3007 1220 3068 adstructum
1234 3007 1286 3067 hic
1301 3018 1454 3068 moneste-

354 3093 434 3152 rium
453 3092 557 3150 Fontis
577 3091 694 3151 dieitur.
738 3101 803 3151 erat
822 3103 920 3151 cutem
942 3092 974 3151 id
995 3095 1102 3164 situm,
1132 3104 1167 3153 ut
1188 3093 1267 3152 idem
1289 3093 1453 3174 Procopius

353 3176 444 3256 paulo
460 3186 529 3254 post
542 3173 642 3251 docet,
662 3195 755 3255 prope
768 3185 886 3256 portum
896 3177 1039 3251 Auream,
1061 3175 1182 3260 ἄγχιστᾶ
1198 3203 1241 3264 πρ
1256 3183 1317 3241 τοῖν
1333 3184 1453 3261 χρυσοῖν

354 3259 550 3338 καλουμένων
568 3265 681 3323 πυλῶν.
722 3261 798 3320 llaec
816 3271 861 3320 est
881 3273 976 3341 porta
996 3265 1118 3340 Fontis,
1147 3263 1230 3323 cuius
1257 3264 1351 3342 paulo
1375 3266 1451 3324 inle-

354 3345 417 3405 rius
438 3342 630 3423 Puchymeres
645 3347 788 3406 meminit.
829 3347 909 3406 idem
931 3347 1013 3422 alibi,
1035 3367 1140 3426 nempe
1156 3369 1185 3429 p
1201 3353 1263 3414 16⁰
1279 3369 1309 3408 ν.
1325 3350 1358 3424 6,
1380 3373 1451 3430 χρυ-

357 3428 429 3491 σέαν
455 3422 557 3506 πύλην
587 3428 715 3490 Auream
740 3440 859 3512 portam
881 3433 1019 3512 sppellot.
1062 3443 1168 3492 auctor
1189 3434 1356 3493 Pandectue
1376 3435 1450 3493 Risi

356 3515 444 3575 Ture.
460 3533 485 3572 c.
500 3517 562 3577 200
585 3515 734 3592 Selybriee
755 3527 873 3594 portum
889 3515 999 3575 dictam
1014 3537 1132 3596 quoque
1144 3519 1201 3578 ait:
1222 3517 1293 3578 inde
1312 3517 1448 3600 (inquit)

349 3600 528 3681 pervenitur
541 3595 586 3655 ad
598 3598 749 3659 decimam
765 3612 877 3659 sextam
889 3645 897 3676 ,
919 3601 1059 3660 videlieet
1077 3604 1227 3683 Silybrioe
1237 3605 1286 3662 ve!
1297 3605 1450 3681 Selybria

348 3695 492 3766 portam,
514 3703 589 3760 quae
612 3703 628 3741 u
653 3685 758 3764 priscis
771 3692 868 3765 χρυσῆ
879 3683 972 3765 niqra
985 3689 1033 3746 vel
1042 3688 1150 3747 Aurea
1160 3699 1255 3768 porta
1266 3689 1447 3747 nominabo·

354 3782 415 3831 tur.
458 3789 530 3827 nam
544 3779 628 3826 extra
636 3781 762 3848 portam
774 3771 858 3829 lianc
870 3784 914 3829 eat
929 3771 1079 3852 hodieque
1094 3777 1183 3844 Fons,
1205 3777 1261 3852 qui
1275 3768 1447 3855 zpvcemm'

354 3855 404 3916 ναί
420 3875 533 3912 aureae
549 3853 624 3932 fone
647 3876 667 3912 a
683 3856 809 3913 Graecis
828 3861 957 3937 antiquo
970 3862 1089 3916 nomine
1103 3859 1241 3934 dicitnr,
1273 3859 1398 3916 celebris
1417 3863 1447 3916 io

354 3959 457 3997 eornm
482 3939 637 4015 dicteriis,
669 3961 748 4018 quae
771 3961 982 4019 saepenumero
1008 3945 1125 4020 palatii
1151 3947 1252 4023 πηγῆς
1270 3948 1337 4001 σίνε
1351 3945 1449 4022 fontis

344 4028 532 4184 ῗεαιίοπννπ
542 4023 686 4100 suriunt,
707 4037 735 4082 et
757 4028 862 4103 templi
880 4025 1026 4106 deiparae
1046 4031 1178 4108 virgime
1199 4027 1245 4084 ad
1260 4023 1367 4111 πηγήν
1388 4032 1445 4086 eise

371 4107 475 4166 intem.
516 4110 559 4167 ita
576 4109 634 4166 ille.

438 4210 468 4267 p.
487 4196 546 4256 150
561 4211 589 4251 v.
607 4193 654 4258 14.
696 4193 731 4252 ln
745 4191 794 4252 liis
807 4194 927 4255 Graecis
940 4193 1038 4256 verbis
1051 4188 1253 4269 καταστάντος
1264 4192 1340 4258 eutii
1353 4192 1445 4275 χώραν

352 4267 531 4338 inserimur
537 4319 546 4353 ,
568 4278 624 4337 etsi
642 4295 680 4336 ex
699 4279 786 4340 codd.
806 4281 926 4358 optimis
944 4282 1064 4344 Borber.
1079 4292 1111 4340 et
1123 4283 1212 4342 tillet.
1226 4281 1377 4357 cumlidr
1394 4301 1445 4339 ex-
