3125 4900
409 282 484 358 638
710 280 945 355 OBSERVAT.
970 280 1206 350 recurunt

409 450 560 512 consultos
581 457 619 510 ut
640 446 777 510 doctores
799 446 987 529 respondisse
1011 468 1073 509 nou
1095 446 1195 509 videri
1216 445 1360 507 vinculum
1378 445 1447 525 prinis

408 536 487 597 illius
510 535 685 596 sacramenti
705 535 745 594 ed
765 534 825 593 hoc
845 544 964 613 tempus
991 554 1026 591 ec
1052 552 1154 593 rerum
1184 531 1338 592 articulum
1357 532 1447 594 extet

408 640 585 701 quamquem
605 622 630 697 si
652 621 757 680 Graeci
774 620 825 679 isti
842 628 874 678 et
892 629 968 678 tunc
987 619 1026 677 eb
1043 619 1183 677 ecclesiae
1198 619 1343 677 Romanae
1356 635 1447 674 conuu-

406 707 496 769 nione
518 705 630 766 discissi
649 706 794 765 antistites
815 704 944 783 aliquam
965 704 1021 764 sibi
1032 703 1271 763 iurisdictionem
1283 712 1313 761 et
1322 710 1448 780 potestate

405 792 487 853 ultra
505 792 550 850 iss
571 800 602 850 et
619 792 774 851 Canentem
794 789 1010 870 praescriptum
1025 789 1245 863 attribuerent,
1266 785 1447 846 minimeidni

404 897 474 937 runs
487 884 570 953 esset,
593 896 662 935 cum
675 876 747 937 talis
757 874 931 936 iamdudum
943 874 1065 953 impune
1077 893 1202 954 peccare
1214 873 1294 933 soliti
1302 878 1388 931 meent
1406 888 1447 946 ugo

404 970 436 1021 et
453 960 533 1037 hoc,
553 969 590 1021 ut
611 962 667 1020 alia
688 980 764 1040 quse
783 981 844 1020 non
863 980 959 1039 peuce
981 961 1012 1019 in
1025 958 1093 1018 'bec
1111 958 1241 1019 historie
1254 953 1448 1017 occurentem

406 1047 521 1105 ematici
536 1046 664 1105 sumeris
678 1046 787 1106 vitium
795 1044 970 1122 redolentia,
990 1044 1066 1105 citra
1078 1044 1296 1125 praeiuditium
1305 1051 1335 1103 et
1344 1057 1447 1101 muue-

405 1130 602 1191 tionc'debite
616 1130 761 1211 legantur.

493 1237 518 1275 o.
532 1218 561 1280 8.
603 1216 681 1277 loca
697 1235 774 1295 quae
787 1213 838 1275 hic
852 1215 927 1275 citet
942 1212 1137 1293 Pecbymeres
1155 1233 1196 1272 ex
1214 1212 1340 1272 Homero
1353 1209 1448 1289 legontu

406 1299 440 1359 in
462 1300 545 1361 lliad.
566 1324 577 1363 ι
598 1322 630 1364 v.
652 1300 730 1366 440:
759 1298 890 1381 νήπιον,
910 1296 998 1363 οὔπω
1019 1291 1121 1363 εἰδόθ’
1144 1298 1268 1379 ὅμοιίοο
1285 1294 1448 1375 πολέμοιο,εί

409 1385 662 1451 tenoemteo:
684 1380 759 1448 ittet
776 1406 809 1449 oe
828 1390 924 1466 γῆρας
939 1386 1030 1463 τείρει
1046 1383 1176 1463 ὁμοίιον.
1220 1384 1261 1441 ed
1278 1401 1355 1457 quem
1370 1388 1449 1457 posue·

408 1490 492 1529 mum
511 1471 611 1529 locum
630 1480 719 1531 vetus
740 1469 928 1546 scholentes,
954 1488 1044 1547 quem
1064 1468 1225 1547 Didymum
1245 1467 1354 1546 quidem
1371 1471 1448 1543 pubet,

408 1555 451 1615 sic
469 1564 606 1615 annotet:
630 1554 728 1620 ἰστέον
748 1548 781 1619 δ’
801 1550 847 1619 ies
865 1552 1025 1634 ιίποιητιίς
1035 1558 1191 1634 πανταχοῦ
1205 1550 1240 1615 rei
1255 1552 1363 1633 ὁμοίιον
1372 1546 1448 1610 bitti

410 1636 532 1719 φαύλου
546 1636 701 1722 λαμβάνει.
747 1638 904 1699 sciendum
911 1650 1035 1719 poetam
1050 1640 1165 1718 ubique
1177 1639 1281 1697 simile
1285 1656 1340 1716 pre
1350 1632 1448 1691 melem

408 1746 495 1783 mere.
534 1726 613 1785 idem
631 1725 725 1785 tradit
739 1724 953 1785 etEustathius
970 1723 1009 1783 ad
1024 1743 1092 1783 eum
1105 1723 1208 1783 locum
1223 1744 1253 1803 p.
1264 1721 1323 1786 tte
1336 1718 1447 1786 editu,

409 1810 522 1869 eddens
537 1818 568 1871 et
582 1809 671 1871 hoec:
690 1804 811 1874 Ἀπίων
830 1814 908 1893 γοῦν
921 1808 975 1873 καί
987 1805 1174 1891 Ἡρωδιανός
1188 1828 1284 1887 φασιν
1301 1800 1343 1869 ὅτι
1352 1802 1378 1864 ei
1387 1804 1447 1881 rist-

291 1939 299 1957 .
409 1890 558 1979 σογροὶφοι
573 1894 693 1977 ὁμοίιον
708 1892 784 1959 euvei
796 1897 942 1977 διαίρεσιν
953 1894 1030 1973 φασί
1041 1890 1076 1958 ed
1088 1892 1186 1957 κακόν
1201 1903 1261 1953 etc.
1279 1891 1319 1950 ibi
1329 1884 1429 1949 viderie

491 1980 709 2061 p.104r.25.
751 1980 836 2062 quod
851 1982 972 2039 omnino
984 1981 1136 2060 futurum
1156 1990 1203 2037 eet
1226 1977 1313 2038 nulla
1321 1987 1446 2053 poseeprt·

407 2064 511 2125 dentice
525 2069 689 2146 praeverti.
731 2066 820 2125 semel
841 2065 978 2145 superius
997 2066 1116 2139 monui,
1137 2062 1250 2123 eibaec
1259 2062 1297 2120 ad
1310 2054 1444 2145 mbuultb

356 2140 359 2153 ⁸
406 2170 531 2241 pravam
556 2151 594 2211 de
613 2153 677 2211 sato
696 2149 858 2211 humanum
879 2151 1046 2211 tenestem
1066 2149 1235 2229 perimente
1254 2144 1395 2206 deotmar
1407 2155 1445 2193 Νι

298 2240 321 2301 1>
337 2248 389 2304 446
405 2237 486 2315 piem
498 2238 647 2315 pertinere
661 2236 835 2312 rideantur,
857 2236 1008 2296 erroribus
1020 2236 1153 2295 sectoris
1166 2230 1351 2304 accensenda,
1367 2216 1443 2285 uendi

406 2328 511 2381 contre
529 2322 592 2380 veri
604 2322 734 2399 certique
748 2321 895 2400 dogmatis
908 2322 1108 2400 praescribere
1120 2320 1325 2380 auctoritstem
1334 2316 1422 2391 quati

476 2394 1444 2574 merentem

342 2620 346 2629 .
404 2573 473 2634 cod.
492 2573 639 2635 Allatinno
658 2585 689 2634 et
709 2575 736 2633 ei
758 2577 959 2635 consentiente
973 2577 1125 2637 Vsticano.
1169 2597 1241 2636 nam
1254 2558 1442 2634 Bnrbninutlt·

405 2659 495 2719 bebat
507 2659 658 2739 πέμπουσι
671 2657 743 2734 τούς
757 2659 827 2742 περὶ
840 2657 895 2724 τον
906 2664 1111 2744 Νικομηὸείας
1118 2655 1277 2741 Ἰωάννην.
1304 2645 1442 2745 menidi*

407 2744 503 2804 codex
514 2745 672 2804 lectionem
686 2747 828 2806 dilationi
841 2747 1006 2808 annotabst
1021 2748 1054 2807 in
1068 2747 1216 2825 margine,
1236 2745 1281 2805 uti
1292 2751 1321 2801 et
1332 2738 1442 2798 tumne

406 2830 535 2890 vicissim
550 2831 706 2890 lectionem
722 2832 843 2892 Barber.
857 2851 950 2910 quere
963 2853 1030 2892 cuns
1043 2833 1086 2893 illi
1101 2832 1165 2891 duo
1177 2828 1303 2909 ambigui
1312 2829 1393 2893 wls
1402 2811 1441 2872 ‘ll‘

408 2915 501 2994 sragio
523 2915 659 2975 Vaticani
678 2917 713 2975 lie
733 2917 882 2997 diremptu
898 2926 954 2994 eet3
975 2917 1149 2977 etomnium
1161 2918 1223 2976 iam
1236 2929 1364 2975 conmnsu
1372 2899 1442 2996 preb!-

407 3009 471 3060 tem
484 3001 599 3059 cunctis
614 3002 732 3061 restitui
744 3003 909 3078 lectionem,
929 3022 968 3061 ex
982 3003 1073 3082 ipsius
1086 3004 1165 3062 sorte
1177 2999 1304 3062 saneris
1314 2996 1442 3055 centem

409 3095 515 3160 ortam,
538 3086 588 3164 qui
603 3086 685 3164 quod
697 3087 780 3165 prius
790 3096 937 3168 posuerat,
958 3087 1117 3148 emendans
1128 3085 1300 3149 mutaverit.
1327 3084 1442 3163 mil?

406 3172 611 3231 nuntiaremus
625 3171 725 3244 dere,
746 3173 770 3231 ei
784 3182 934 3232 constaret
945 3181 1016 3232 utra
1027 3175 1061 3232 in
1076 3173 1215 3252 civitate,
1239 3165 1364 3231 Heraclea
1374 3153 1440 3216 mit·

407 3255 554 3328 comedia,
576 3265 652 3313 esset
662 3257 875 3317 monesterium
888 3260 918 3318 S.
930 3257 1095 3336 Diomedis,
1116 3259 1202 3318 cuiue
1214 3258 1264 3318 bic
1276 3248 1377 3314 meufio·
1394 3326 1399 3338 ,
1423 3316 1428 3330 ¹

490 3359 520 3417 p.
538 3341 598 3402 115
614 3359 643 3399 v.
661 3346 709 3406 19.
754 3343 845 3417 Quod
869 3342 1081 3404 candelabrum
1103 3346 1251 3424 repetitur
1268 3340 1303 3399 ab
1320 3334 1440 3395 menum

406 3422 521 3502 signum
537 3423 665 3502 abdicati
678 3425 801 3487 bonoria
813 3428 1032 3508 patriarchalis,
1053 3429 1125 3489 inde
1137 3429 1259 3490 videtur
1267 3426 1375 3489 tecum.
1390 3398 1439 3486 quel

277 3583 281 3592 ι
404 3513 485 3588 apud
500 3509 626 3568 Graecos
639 3511 750 3588 insigne
763 3514 916 3593 potestatis
929 3514 1099 3594 episcopalis
1107 3515 1312 3575 candelabrum
1322 3501 1439 3566 belm·

404 3614 473 3654 nem
487 3603 518 3653 et
531 3595 562 3654 in
575 3594 751 3676 Apocalypsi
764 3607 878 3678 septem
890 3600 1019 3679 episcopi
1031 3601 1117 3659 Asiae
1128 3610 1242 3680 septem
1254 3587 1438 3680 memborum

403 3681 538 3758 symbolo
560 3679 768 3758 designantur3
789 3691 820 3742 et
835 3684 889 3743 ubi
903 3704 942 3744 ex
955 3683 1069 3761 bienni
1081 3685 1229 3766 prceino
1242 3677 1398 3744 commissu
1409 3676 1439 3717 ¹⁰⁶

304 3791 307 3798 ·
401 3775 539 3826 tentetur
566 3765 707 3845 eripiendi
737 3766 875 3846 honoris,
907 3790 943 3830 ea
965 3771 1144 3850 exprimitur
1166 3769 1214 3832 bis
1234 3765 1335 3832 verbis:
1359 3741 1436 3814 W

403 3850 622 3910 candelabrum
634 3862 721 3910 tuum
738 3851 775 3911 de
789 3855 854 3914 loeo
868 3877 935 3931 cuo,
955 3860 1017 3916 nisi
1027 3860 1244 3936 pomitentium
1254 3851 1344 3934 egene.
1360 3823 1437 3915 limi

402 3939 442 3999 11
463 3935 492 3999 5.
527 3956 565 3996 ne
578 3957 650 3996 vero
663 3937 728 4014 quis
742 3938 781 3997 od
793 3937 970 4001 hodiernam
981 3943 1160 4002 nostratium
1170 3933 1384 4003 conuentione
1391 3917 1435 4009 1¹³,oe

401 4023 521 4097 exigens
532 4023 611 4080 sorte
623 4022 786 4083 arbitretur
800 4027 1011 4086 candelabrum
1025 4026 1075 4086 hic
1086 4028 1209 4107 intelligi
1221 4024 1301 4105 quale
1316 4009 1436 4097 Pr²0sffl¹²

401 4104 538 4164 ministro
558 4107 773 4168 celebrantibus
789 4111 932 4190 episcopis
946 4113 1035 4187 solet,
1059 4123 1197 4191 argenteo
1210 4104 1348 4171 manubrio
1358 4097 1434 4187 &filu

403 4189 558 4248 ardentem
577 4203 717 4270 portans,
739 4195 822 4272 quod
842 4197 932 4276 vulgo
950 4198 983 4255 in
1005 4197 1088 4256 ltalia
1110 4199 1234 4278 bugiano
1247 4177 1434 4256 νοοιιιιῑθίιίιιοῐ

401 4273 597 4357 episcopalem
616 4278 827 4360 supellectilem
848 4291 1000 4348 censetur:
1021 4303 1060 4345 ue
1078 4286 1200 4366 inquam
1219 4281 1251 4345 id
1268 4275 1358 4340 belm
1369 4262 1433 4322 w
