3125 4900
579 152 660 229 ΠΒ.
683 152 726 229 ll.
758 157 910 229 norst
1217 164 1292 239 655

189 322 284 401 regia
297 330 355 381 tun
372 322 517 383 mutemus
530 324 590 383 mei
603 318 721 385 domist
734 326 928 405 mperaurto
934 323 1041 406 putris
1054 326 1103 385 tui
1114 330 1294 389 smmum

187 406 416 487 creberquatrer,
437 420 465 467 et
476 410 569 488 filius
587 429 672 469 meus
692 408 835 472 dominus
862 409 1036 471 theodorus
1054 431 1167 491 mecm,
1198 434 1292 494 quum

189 512 254 549 noe
272 492 431 550 vestram.”
473 505 501 553 et
523 493 605 553 nihil
623 494 709 555 ultra
729 496 846 555 retulit.
887 494 943 554 sed
958 516 1012 555 nee
1027 498 1084 575 qui
1099 499 1292 576 imperatoris

187 587 292 635 nutus
306 576 510 637 secundcbant
526 582 697 659 prinsipes,
717 584 848 662 necepses
863 582 1026 659 s'rnperutur
1037 581 1163 640 verbum
1174 604 1291 663 expres-

189 664 256 735 sit,
285 665 409 721 iustitia
426 668 544 723 ratione
564 667 766 743 generositate
790 678 819 725 et
839 666 1070 746 magnificentie
1091 670 1125 725 irs
1149 666 1291 727 ruborem

187 747 325 826 ereffum',
346 752 449 807 omniu
466 748 633 828 siquidem,
661 748 827 811 dummodo
847 754 965 811 iustur'n
985 748 1147 809 audacem
1166 754 1289 813 salvum

188 843 285 910 essct,
307 834 389 891 nihil
399 834 568 913 reputabat.
608 834 683 895 haec
703 835 761 913 ibi3
791 856 868 916 quae
887 835 988 897 videat
1003 844 1033 895 et
1051 835 1163 897 iudicet
1175 856 1287 917 aequus

156 998 159 1005 1
185 916 291 975 lector
311 939 348 976 sn
361 918 423 979 sint
436 918 565 979 bominis
578 920 827 1001 κατημελημένως
837 925 898 985 seir
914 921 957 995 etc
972 921 1144 1001 συνείδησιν
1158 920 1286 1000 irrisor,

188 1004 355 1061 minimum
371 1007 460 1083 pensi
477 1002 615 1065 tabente
631 1008 664 1065 irs
677 1006 765 1065 rebus
780 1005 920 1086 gerardis
941 1003 1020 1085 quid
1027 1004 1092 1089 jes
1108 1016 1135 1063 et
1149 1004 1288 1084 efferrem

188 1098 338 1163 moneret,-
360 1090 441 1167 quod
456 1089 533 1149 salso
545 1090 686 1151 videlicet
697 1092 725 1151 ei
737 1101 840 1153 noster
851 1092 978 1172 imponit
992 1088 1141 1150 hocloco.
1183 1091 1236 1150 sed
1248 1111 1288 1153 ns

188 1173 322 1253 cuipiam
345 1174 499 1234 videamur
518 1175 707 1255 suspiciosius
729 1196 815 1256 egere
839 1197 908 1237 cum
921 1173 1115 1255 Pacbymere,
1138 1174 1191 1255 qui
1205 1176 1289 1256 qnod

188 1257 264 1317 alias
284 1256 382 1319 iuerat
397 1270 501 1320 notare
512 1262 660 1340 potuerit,
681 1282 751 1321 cum
767 1261 924 1322 mutabiles
937 1260 998 1321 sint
1010 1280 1109 1320 mores
1121 1259 1287 1339 bominum,

188 1343 325 1404 dicemus
339 1364 418 1421 sane,
439 1345 465 1405 ei
479 1345 673 1424 negligentior
682 1346 834 1408 rationum
848 1346 942 1407 officii
956 1345 1035 1405 vixit
1047 1365 1179 1425 unquam
1194 1346 1288 1406 Geor-

188 1427 256 1503 gius
272 1429 462 1510 Acropolita,
483 1438 549 1491 tum
569 1451 688 1491 necesse
707 1442 751 1492 est
769 1432 803 1492 id
814 1432 923 1511 inisse,
944 1432 1063 1509 qnando
1080 1430 1218 1490 addictus
1229 1432 1287 1491 ad-

186 1510 253 1573 buc
274 1513 426 1575 schismati
447 1514 623 1575 adhaerebat
644 1518 795 1577 erroribus
817 1517 1013 1577 Graecorum:
1039 1524 1141 1596 postes
1165 1516 1286 1595 quidem

188 1618 281 1677 quam
296 1600 437 1659 ecclesiae
451 1600 570 1660 Latinae
580 1602 791 1663 reconcilietur
804 1611 867 1678 est,
889 1611 1009 1662 mutum
1021 1601 1185 1681 proiecisse
1196 1601 1284 1661 illum

187 1694 316 1827 spdparet
352 1696 387 1744 ut
424 1686 543 1745 culmen
578 1686 679 1767 ipsum
708 1688 897 1770 Apostolicee
928 1685 1123 1769 perfeetionis
1154 1687 1285 1765 attigisse

184 1769 336 1829 visatur.

275 1876 307 1935 p.
326 1858 389 1919 817
407 1873 437 1913 v.
454 1857 505 1921 23.
547 1852 691 1916 Kadosia
713 1877 826 1937 magno
844 1854 933 1937 apud
956 1854 1059 1915 urbem
1080 1852 1202 1914 domino
1216 1855 1285 1913 elo·

187 1950 262 1997 catu
283 1950 334 1997 est.
385 1939 453 2017 quis
474 1939 530 1999 iste
552 1960 674 2019 mugnus
693 1940 833 2002 dominus
853 1941 886 2003 in
907 1940 1002 2002 urbe?
1032 1940 1156 1999 interius
1176 1960 1206 2019 p.
1221 1942 1284 2005 328

185 2022 251 2087 ct
273 2023 414 2083 scribitur
429 2024 467 2083 de
482 2023 593 2083 Ioanne
614 2027 707 2103 duce,
729 2047 795 2087 eum
810 2029 962 2087 obsessum
975 2026 1008 2085 in
1024 2024 1099 2085 urbe
1113 2024 1160 2085 cui
1174 2044 1285 2083 nornen

185 2108 309 2185 Patrae,
339 2128 406 2167 cum
431 2118 525 2169 noctu
549 2110 709 2215 putruisset
730 2113 849 2174 venisse
865 2108 996 2186 Thebas,
1026 2109 1117 2169 stibi
1138 2108 1286 2189 tepuisse

184 2194 821 2358 tsstttltlssfllhtl‘gililttlt
841 2190 1285 2364 ,ssgt'ptttltstlthile

184 2362 258 2423 tiam
277 2364 369 2423 filiam
392 2364 523 2423 Larcsris
547 2364 674 2444 Augusti
697 2388 803 2446 magno
820 2368 943 2427 domino
958 2364 1087 2446 principi
1103 2362 1282 2439 Thebarum,

183 2445 277 2509 huius
293 2451 369 2509 lorte
383 2469 469 2528 quem
485 2450 611 2516 losnnee
629 2453 694 2512 dux
712 2455 753 2512 ibi
766 2455 880 2533 reperit
893 2453 971 2534 patri
985 2461 1038 2510 sut
1051 2459 1170 2530 patruo,
1191 2448 1284 2510 fuisse

184 2535 378 2610 collocatam,
400 2535 682 2616 matrimoniumque
695 2537 728 2596 id
743 2539 923 2596 celebratum
934 2538 967 2595 in
981 2535 1054 2594 urbe
1070 2535 1284 2593 Cerretantino·

183 2620 267 2700 poli,
289 2619 340 2680 ubi
362 2628 426 2677 tum
448 2621 473 2678 is
489 2622 628 2698 princeps
653 2620 742 2680 suerit
762 2621 795 2678 in
812 2623 956 2680 comitatu
974 2619 1163 2698 imperatoris
1177 2617 1281 2676 Latini

182 2725 285 2764 rerum
304 2703 369 2764 illic
382 2703 541 2783 potientis,
561 2705 603 2763 ita
618 2714 651 2764 ut
664 2701 699 2767 cd
717 2701 794 2766 rucei
809 2701 866 2786 τὴν
880 2701 971 2767 πόλιν
985 2706 1024 2760 ad
1037 2703 1139 2761 locum
1155 2701 1281 2780 nuptia-

182 2808 252 2849 rum
268 2791 306 2849 eit
318 2787 525 2862 referendum,
548 2809 610 2846 non
624 2790 663 2849 ad
680 2789 779 2868 magni
800 2789 915 2850 domini
934 2795 1126 2868 potestatem,
1149 2785 1278 2862 qnasiis

183 2894 247 2934 eam
264 2874 297 2932 in
315 2875 390 2934 urbe
413 2874 670 2954 Constantinopoli
692 2885 846 2934 exerceret
865 2873 891 2934 si
910 2871 1110 2947 dominando,
1132 2871 1183 2929 sed
1196 2871 1280 2949 quod

183 2959 226 3019 ibi
242 2959 348 3034 degens
371 2959 461 3018 titulo
481 2959 530 3017 sui
547 2959 704 3037 peculiaris
726 2959 852 3019 dominii
866 2957 937 3017 slibi
949 2957 1013 3032 siti,
1036 2975 1142 3035 nempe
1158 2953 1279 3032 Thebis,

182 3043 383 3121 insigniretur.
427 3043 492 3123 pari
513 3044 649 3123 exemplo
671 3045 736 3122 ipse
750 3042 801 3104 bic
822 3047 986 3124 imperator
1002 3039 1131 3101 blichubl
1153 3060 1277 3100 naama

181 3129 302 3190 filiabus
321 3127 471 3189 Theodori
491 3128 615 3208 Augusti
640 3130 717 3188 hicio
737 3130 900 3189 Belicnrtio
916 3126 1050 3208 principi
1062 3125 1277 3205 Peloponnesio

184 3215 357 3292 coniunxit,
380 3213 503 3274 alteram
517 3215 621 3273 comiti
638 3213 820 3274 Vintimilise
834 3213 985 3273 Genuensi
993 3256 1001 3287 ,
1030 3222 1064 3270 ut
1077 3211 1206 3271 vidimus
1218 3211 1277 3276 LS

182 3321 211 3361 c.
222 3304 252 3364 6.
287 3299 352 3360 istis
379 3321 469 3377 porro
491 3299 709 3380 principatibus
729 3319 784 3379 per
807 3298 963 3360 Orientem
984 3317 1022 3356 ex
1039 3296 1136 3356 ruinis
1156 3294 1276 3376 imperii

181 3385 309 3444 Romani
337 3383 584 3444 subnascentibus
612 3405 682 3444 suae
715 3383 860 3464 quaedem
890 3383 1029 3464 propriae
1058 3383 1276 3462 appellationes

181 3481 284 3546 erant,
308 3489 381 3549 quas
394 3469 429 3526 ub
450 3469 680 3550 imperatoribus
701 3491 733 3529 se
747 3469 898 3548 accepisse
910 3468 1125 3548 gloriabantur.
1167 3465 1201 3524 in
1215 3484 1275 3543 quo

182 3554 588 3632 affectabantantiqniseimos
604 3576 738 3636 quosque
753 3555 881 3633 allegere
894 3553 1118 3635 privilegiorum
1134 3559 1164 3610 et
1176 3549 1277 3608 hono-

181 3660 248 3699 rum
262 3639 431 3698 istiusmodi
447 3639 616 3717 largitores,
638 3661 719 3699 more
734 3640 890 3700 hominum
909 3660 963 3698 sua
976 3657 1092 3717 semper
1108 3639 1205 3696 facere
1217 3655 1277 3692 eu-

182 3724 312 3802 gustioru
332 3725 539 3801 satagentium.
579 3725 681 3804 itaque
701 3726 738 3784 ad
761 3725 990 3785 Constantinum
1015 3741 1112 3800 usque
1133 3719 1275 3797 Magnum

183 3808 299 3886 quidem
317 3818 397 3866 retro
418 3808 546 3868 nitentes
562 3810 594 3867 in
613 3811 668 3868 ists
689 3809 849 3870 iactatione
869 3809 1096 3890 pertingebant,
1121 3815 1274 3865 auctorem

182 3893 266 3952 illum
281 3893 343 3953 suis
357 3893 516 3952 maioribus
531 3894 636 3954 talium
652 3895 741 3954 fuisse
765 3896 920 3954 nominum
940 3895 1085 3965 ferentem
1116 3889 1198 3968 quod
1217 3889 1274 3950 etsi

181 3979 340 4038 ridiculum
362 3977 463 4054 dictu,
493 3999 560 4038 cum
582 3979 771 4040 Constantini
790 3979 889 4056 Magni
906 3998 980 4038 aevo
1000 3997 1055 4035 nec
1067 3975 1156 4053 longe
1170 3986 1276 4054 postea

182 4064 254 4125 istae
276 4061 375 4124 adhuc
395 4065 527 4123 minutae
542 4063 697 4143 dynastiae
719 4064 897 4124 constitutae
910 4063 1055 4138 luissent,
1077 4059 1158 4119 haud
1172 4069 1275 4119 temen

183 4159 352 4230 aspernatus
375 4157 420 4209 est
440 4150 601 4230 Gregores,
631 4149 712 4234 apud
734 4170 821 4231 quem
841 4147 916 4210 haec
929 4147 1056 4227 legimus
1071 4145 1093 4207 l.
1111 4150 1176 4228 ip·
1196 4147 1272 4211 109:
