3125 4900
294 286 369 357 230
607 284 785 353 GEORGII
808 283 1073 352 PAGHYlilERlS

298 455 376 544 όσην
384 506 396 540 ,
423 453 467 523 ἔτι
482 455 516 521 ni
531 458 583 523 καὶ
599 462 663 522 τῶν
684 462 741 523 τοῦ
765 452 918 541 βασιλέως
940 444 1215 535 πολλδλαβόντας
1228 453 1397 536 ἓπαναζεα-

294 558 409 649 γνόειν,
437 558 473 625 τδ
489 567 625 643 κρεῖττον
637 565 693 643 τῆς
708 560 799 635 iulus
813 560 865 624 καὶ
887 556 983 624 αότδν
996 552 1204 643 διαφερόντως
1217 555 1395 642 άγομόνους.
1424 567 1427 568 ’

261 662 483 748 ὓμεμνῆσθαδ
506 686 538 728 τε
559 663 731 748 συγγενείας
750 662 904 749 προτέρας
923 662 981 726 sul
1003 657 1108 743 δόξης.
1165 659 1217 725 καὶ
1238 662 1265 724 εἲ
1283 661 1327 744 μὴ
1349 660 1394 725 δι’

297 766 394 853 άμφω
414 766 466 831 scol
487 760 528 841 ὥς
552 771 677 851 συγγενῆ
691 762 832 831 σπεόδειν
846 767 898 829 καὶ
916 760 960 840 ὥς
978 764 1136 843 ἐλπίζοντα
1149 760 1397 846 μεταλαμβάνειν

296 864 389 935 πάλιν
405 867 444 933 τά
457 870 549 951 μεόζω
560 874 709 955 θαρρεῖν,
736 867 816 933 ἀλλ”
827 860 883 933 otis
895 866 938 933 δι’
952 862 987 931 όν
1000 864 1120 931 τοότων
1132 863 1219 942 άξιον
1232 862 1422 951 nepopis-5

296 997 358 1039 τειν
369 968 503 1050 oilerius,
532 968 551 1051 ἢ
568 968 613 1047 ὥς
628 980 765 1055 συγγενεῖ
773 976 959 1054 βοηθοῦντα
974 967 995 1051 ἢ
1012 964 1054 1045 ὥς
1067 964 1171 1034 εδδότα
1183 974 1397 1036 ιιατελεοῦντα.

297 1079 397 1141 ταῦτα
411 1068 555 1157 δηλώσας
567 1078 611 1162 τῷ
623 1076 702 1162 ueip
715 1072 759 1138 δι’
776 1069 972 1157 ἀπορρήτων,
999 1070 1148 1137 sel-nantel
1161 1069 1269 1152 λαβὼν
1282 1073 1397 1163 ἐκεῖθεν

298 1174 356 1243 διόΙ
365 1172 557 1261 γραμμάτων
570 1182 778 1261 προσεποιεῖτο
793 1175 904 1263 {pessis
924 1172 1003 1239 εἷναί
1017 1173 1047 1239 οἱ
1067 1174 1125 1259 τὴν
1136 1174 1289 1255 βασιλέως
1306 1175 1396 1255 θέαν,

257 1274 283 1331 Ε
300 1279 350 1345 καὶ
363 1277 541 1365 γράμμασιν
555 1275 665 1362 ἐδήλου
678 1285 723 1369 τῷ
736 1283 868 1363 βασιλεῖ,
891 1279 942 1343 καὶ
954 1276 1083 1344 ἱκέτευεν
1098 1278 1214 1364 luriunt
1226 1275 1307 1363 παρ’
1323 1278 1400 1343 ἐκεῖ·

296 1407 351 1448 ναν
363 1380 522 1467 γενέσθαι·
550 1380 622 1447 αι’δδ
637 1379 696 1469 γάρ
711 1378 820 1447 άνενεεά
837 1380 869 1447 οἳ
882 1378 958 1445 εἶναι
973 1382 1022 1445 tui
1043 1386 1193 1446 τοσοῦτον
1210 1379 1399 1468 ἐστερῆσθαι
1407 1400 1440 1451 io

298 1490 356 1567 τῆς
373 1489 536 1567 βασιλικῆς
557 1482 671 1567 ὅψεως.
724 1488 751 1551 sl
768 1490 844 1570 γοῦν
865 1480 1073 1570 προστάσσοι·
1100 1485 1126 1550 εδ
1150 1480 1184 1547 δ’
1212 1474 1284 1565 οὖν,
1320 1482 1396 1549 ἀλλ’

301 1585 398 1653 αότδν
414 1585 494 1669 ἥξειν
509 1588 559 1651 καὶ
573 1585 692 1668 οόεως,
719 1590 783 1653 ἐπεὶ
797 1584 900 1663 πόθος
913 1588 1021 1671 ἐπείγει
1034 1589 1085 1652 sul
1096 1594 1245 1670 τυραννεῖ.
1295 1593 1398 1652 ταῦτα

299 1685 449 1773 μαδιδνό
473 1689 619 1770 βασιλεδς
639 1689 705 1779 (καὶ
724 1689 859 1776 ποῦγόρ
871 1690 927 1755 τόν
944 1688 1036 1755 δόλον
1059 1686 1135 1772 εἶχεν
1149 1685 1288 1755 incensis
1296 1685 1323 1774 3)
1344 1688 1397 1755 διὰ

197 1799 220 1853 Ρ
241 1800 288 1857 154
305 1786 495 1879 γραμμάτων
511 1793 630 1877 ἐφίησιν
646 1792 815 1880 άφιιιόσθαι
828 1791 908 1877 παρ’
924 1794 1052 1857 derisor·
1079 1795 1153 1857 ἰδεῖν
1169 1789 1228 1876 γὰρ
1242 1793 1293 1855 sul
1308 1794 1397 1857 δυσι-

300 1895 373 1973 ιιοός
391 1890 503 1971 τόπους
517 1894 691 1983 ἐγγενέσθαι
704 1897 733 1963 οἱ
740 1946 751 1979 ,
780 1894 835 1973 elic
850 1896 907 1964 οδιι
922 1888 960 1981 ἦν
974 1892 1052 1983 δρᾶν
1068 1894 1143 1961 κατ’
1158 1894 1313 1972 ἀνατολάς
1328 1892 1398 1962 διό-
1407 1908 1440 1964 15

298 2108 358 2165 inde
373 2110 495 2165 bonorum
511 2109 538 2165 in
562 2109 633 2180 ipsos
650 2111 850 2167 redundaturum
866 2114 951 2167 essetz
967 2111 1008 2164 ain
1031 2110 1059 2164 id
1075 2126 1125 2163 non
1141 2108 1310 2175 memoret,
1326 2115 1399 2165 certe

298 2198 349 2235 nnn
362 2195 438 2251 posse
455 2180 567 2233 dubitari
584 2181 647 2250 quin
663 2181 887 2250 quaestuosissima
898 2180 949 2250 ipsi
959 2182 1028 2233 iuret
1037 2181 1089 2233 ista
1102 2180 1200 2245 militia,
1218 2181 1309 2248 ntique
1322 2179 1399 2232 redu·

300 2258 373 2302 cturo
391 2264 423 2301 es
447 2264 480 2301 ee
505 2250 593 2317 copies
616 2258 721 2303 onustas
744 2250 830 2319 opium
853 2249 967 2319 praeda,
992 2267 1050 2302 cum
1069 2248 1176 2301 marum
1198 2249 1278 2300 omnis
1296 2248 1398 2316 generis

299 2334 398 2381 nrum,
414 2321 468 2369 tum
485 2322 625 2398 sppnrstus
648 2335 680 2371 ec
702 2316 869 2389 supellectilis
891 2318 1088 2402 imperatoriae,
1114 2334 1148 2369 ex
1170 2315 1262 2387 quilius
1278 2316 1398 2385 excipere

300 2384 350 2439 sibi
367 2386 610 2454 praestenttssimum
627 2386 740 2457 quidque
756 2394 862 2457 posset,
886 2393 914 2439 et
929 2403 1012 2457 ipsum
1028 2386 1241 2455 oonssnguineum
1256 2384 1397 2456 supplicem

299 2453 404 2522 indigne
421 2453 537 2507 custodie
553 2463 669 2523 ereptum
686 2455 835 2509 incolumem
852 2473 884 2510 ac
905 2457 1014 2510 liberum
1038 2473 1094 2509 cum
1110 2454 1228 2528 pretiosis
1245 2455 1332 2524 spoliis
1349 2454 1399 2507 do-

299 2539 367 2575 mum
382 2521 506 2592 recipere.
539 2524 694 2576 meminisset
717 2524 808 2606 prioris
829 2541 891 2577 sure
915 2525 1030 2593 gloriae,
1054 2534 1082 2578 et
1104 2540 1207 2593 exque
1231 2524 1355 2576 felicitate
1371 2523 1399 2575 in

320 2606 376 2642 uem
394 2589 521 2642 miseriem
536 2599 589 2643 tem
606 2601 665 2644 arta
679 2591 729 2662 iper
747 2594 906 2661 cognationis
922 2594 1112 2647 necessitudine
1129 2593 1263 2645 devinctus
1279 2593 1399 2662 princeps

301 2609 454 2722 decidisset,
477 2667 600 2729 reputans
623 2661 796 2714 miseraretur.
829 2663 923 2732 quodsi
946 2663 1011 2716 llaec
1036 2680 1127 2732 parum
1150 2670 1283 2715 moverent
1300 2661 1335 2714 ad
1351 2678 1400 2716 sn-

300 2727 409 2780 deudum
431 2727 499 2797 quud
523 2728 697 2794 suadebatur,
721 2737 750 2784 et
773 2733 882 2785 fructum
905 2733 1033 2800 cogitaret
1056 2731 1116 2784 iude
1138 2731 1189 2801 ipsi
1210 2739 1398 2800 prouentum

299 2798 404 2850 uberem
425 2797 468 2848 vel
491 2813 611 2851 succurri
636 2799 696 2852 beili
719 2800 821 2853 lucroso
838 2801 1009 2870 praemiisque
1025 2800 1166 2864 victoriae,
1188 2800 1230 2852 sel
1255 2818 1272 2852 n
1295 2799 1400 2869 propria

300 2864 458 2934 gratitudine
475 2866 627 2936 suiipsius,
645 2875 780 2940 postquem
797 2887 858 2923 sese
871 2871 899 2922 in
922 2875 1019 2923 statum
1035 2872 1154 2922 iortuune
1172 2867 1307 2938 pristinum
1322 2885 1401 2939 repo·

300 2935 397 2998 struit,
413 2935 498 2988 omnis
513 2935 645 2990 liberatori
661 2937 781 2993 debituri.
815 2940 880 2991 haee
895 2939 917 2991 si
933 2939 1082 2992 viderentur
1097 2938 1198 2990 infirma
1222 2938 1338 3004 singula,
1360 2938 1399 2990 si-

301 3002 353 3056 mul
369 3007 454 3056 tannen
471 3004 607 3058 coniuncte
623 3007 709 3059 omnin
726 3007 777 3059 sisu
794 3007 890 3060 habere
909 3009 1043 3061 maximam
1066 3008 1135 3077 apud
1151 3007 1208 3060 eius
1223 3007 1335 3060 animum
1350 3021 1400 3075 pst

301 3087 368 3128 esse.
403 3081 493 3141 ageret
510 3073 602 3142 igitur,
622 3083 650 3128 et
667 3075 709 3128 rel
726 3076 957 3143 consanguinitatis
975 3084 1095 3148 respectu
1112 3076 1209 3128 eusilio
1224 3077 1337 3139 renuet,
1355 3074 1401 3128 sel

301 3155 364 3193 suae
378 3139 554 3208 infelicitatis,
570 3161 646 3214 quam
662 3145 711 3214 ipsi
729 3145 857 3214 aperiret,
885 3145 976 3198 notitia
990 3146 1095 3214 indigna
1121 3147 1248 3198 ferentem
1264 3145 1401 3198 miserare·

301 3216 353 3260 tur.
387 3208 428 3260 liis
444 3225 536 3262 erceno
553 3212 677 3281 expositis
695 3221 802 3283 pntruo,
824 3214 956 3284 literisque
976 3214 1058 3282 ipsius
1080 3215 1175 3266 mutuis
1197 3231 1304 3267 assensn
1319 3213 1400 3280 ipsius

301 3274 405 3356 fideque
422 3283 541 3358 eccepts,
569 3281 698 3333 simulavit
720 3282 866 3334 desiderare
887 3301 917 3335 se
932 3285 1051 3336 maiorem
1074 3283 1103 3334 in
1119 3284 1219 3336 modum
1236 3291 1399 3353 wnspectun

300 3350 478 3411 imperatoris,
500 3346 527 3396 in
553 3365 660 3418 eantque
681 3351 832 3403 sententiam
848 3351 881 3403 ad
897 3353 1076 3420 imperatorem
1093 3351 1211 3421 scripsit,
1228 3370 1304 3405 orsus
1321 3352 1400 3404 edam

301 3417 383 3532 titii
398 3411 476 3533 llll
489 3416 872 3541 ttlitttttt‘tlttt
896 3421 985 3542 ‘iit
1006 3420 1402 3560 ututtrtwi.

301 3547 424 3631 simisibi
434 3547 571 3632 principis.
604 3501 695 3606 lubere
711 3555 793 3624 igitur
807 3508 992 3627 quamplrirsnm
1007 3559 1159 3628 dignaretur
1179 3577 1209 3612 se
1226 3557 1323 3610 venire.
1357 3559 1400 3611 sin

301 3616 444 3684 gentilicum
468 3617 517 3670 hoc
540 3621 590 3672 sibi
609 3622 741 3690 differret,
764 3625 845 3678 rciret
860 3635 934 3681 tants
950 3644 980 3680 se
993 3629 1034 3680 uri
1049 3629 1105 3681 eius
1120 3646 1205 3682 eoram
1220 3625 1334 3679 intuendi
1352 3644 1402 3680 cu·

301 3685 428 3755 piditate,
451 3693 481 3738 ut
507 3687 553 3741 vis
577 3690 626 3743 sibi
650 3699 796 3762 temperare
818 3702 907 3764 posset
929 3696 1122 3766 eprniectione
1142 3699 1211 3750 istus
1224 3695 1322 3747 iniussu
1338 3702 1401 3749 teu-

198 3813 203 3826 ·
301 3754 395 3821 tanda;
414 3755 484 3824 qnod
507 3756 529 3808 ai
553 3759 652 3812 feceret
674 3761 772 3830 ignosci
791 3779 899 3834 aequum
919 3767 990 3818 inre:
1013 3767 1171 3834 tyrannicum
1186 3781 1244 3818 esse
1259 3763 1312 3817 vim
1328 3766 1402 3819 desi-

302 3821 382 3904 derii,
399 3831 427 3876 et
442 3841 575 3895 mumpese
592 3828 740 3912 plerumque
756 3831 825 3884 ultra
848 3832 955 3886 rationis
982 3842 1062 3904 atque
1076 3833 1179 3887 lumeni
1203 3834 1307 3886 arbitrii
1322 3853 1402 3904 prse-

302 3897 400 3961 scrsptn
416 3893 530 3946 ireenum
547 3896 671 3950 eluctatos
685 3917 741 3951 erus
757 3899 875 3970 impetun
909 3903 949 3955 iris
964 3902 1107 3973 imperetur
1118 3901 1242 3972 ecoeptis,
1259 3921 1309 3956 uec
1324 3904 1400 3972 qnid-

301 3975 377 4041 qnsqn
394 3960 432 4043 de
443 3963 551 4018 occultis
566 3983 631 4034 ques
647 3967 755 4021 diximus
770 3970 998 4024 machinationibus
1012 3971 1173 4041 suspiostns,
1195 3972 1331 4041 rescripsit
1352 3973 1402 4025 in·

301 4033 410 4108 nanum
425 4031 558 4100 indulgens
575 4035 677 4088 §ultani
693 4037 761 4105 quud
778 4041 893 4106 petebat,
908 4041 975 4092 uitro
992 4040 1131 4109 quinetiam
1144 4039 1256 4094 invitans
1272 4041 1307 4095 ud
1322 4059 1400 4094 oem-

302 4109 398 4148 ssonetu
415 4103 586 4170 usurpsndsm
603 4104 704 4156 visendi
719 4107 865 4175 provincias
881 4115 909 4160 ct
926 4111 1004 4161 nrbes
1021 4109 1131 4162 Ocddui
1154 4118 1269 4171 tractus,
1292 4127 1400 4179 quarum

300 4175 430 4247 mquam
453 4169 596 4236 hoelmus,
621 4173 718 4244 quippe
739 4193 842 4246 semper
867 4186 980 4230 moratus
1005 4178 1031 4231 in
1056 4178 1185 4243 Oriente,
1202 4197 1289 4232 coram
1307 4188 1335 4230 et
1351 4195 1401 4230 usu

301 4241 432 4300 {inuenti
448 4241 679 4306 cognoscendarum
696 4244 769 4314 copia
785 4246 837 4316 ipsi
853 4245 1011 4317 contigisset
1045 4264 1096 4302 non
1113 4248 1215 4303 ‹iistaiit
1230 4251 1322 4304 Suitan
1337 4263 1401 4300 con·
