3125 4900
410 259 561 330 nnm.
598 224 969 335 cmoioroncus.
1165 269 1242 342 eae

228 428 555 490 anemonen·
591 449 621 509 p.
637 428 700 496 eat
721 449 750 492 v.
767 434 808 499 ιο
842 429 1087 514 armenam
1100 431 1241 520 ιιιῃμη-

143 505 210 586 ιιός.
250 522 425 592 euggerunt,
446 514 614 591 meulent,
642 514 732 574 cedd.
753 516 779 574 B
802 524 834 577 et
850 517 878 575 Δ
898 518 931 578 in
952 519 1083 598 margine
1102 519 1241 582 nannum

141 596 253 656 menaia
273 617 384 658 numen
400 592 598 680 Ὀιιιόβριον,
624 597 803 676 Octobrem,
825 621 913 680 quem
925 612 957 663 et
971 605 1034 686 ipae
1042 605 1126 664 laeua
1141 625 1194 685 per
1207 625 1242 666 aa

140 681 265 757 indicat,
285 701 355 744 cnm
368 683 401 742 in
412 701 448 742 eo
461 683 628 746 affirmetur
640 686 866 765 praecedentem
877 682 994 768 ι’μισως
1005 709 1136 752 mentam
1149 692 1241 752 linare

141 767 361 844 Gamaliauem,
380 786 470 846 quem
483 779 567 830 certa
578 770 709 830 vidimua
721 771 925 853 Septembrem
936 793 1006 836 eaae

226 855 500 916 Motnrmtv.
543 875 573 936 p.
588 859 651 922 318
669 876 700 918 v.
716 861 757 922 17
798 853 894 938 μηνός
917 863 1131 940 μουνυχιῶνος.
1149 859 1239 924 cedd.

140 935 168 996 B
190 945 223 996 et
239 938 267 996 Δ
294 942 495 1020 μουνιχιῶνος
520 941 662 1018 gloaacma
687 941 809 1002 aalitum
838 943 1029 1020 adscribunt,
1069 945 1238 1005 Romanum

139 1023 249 1082 menaie
259 1023 322 1082 eiua
336 1025 516 1084 vocabulum
529 1027 711 1106 exprimere,
734 1029 908 1110 Νοεμβρίου
924 1029 1113 1094 Novembris.
1155 1031 1239 1107 quud

140 1127 214 1168 vera
230 1107 352 1168 initium
366 1109 399 1168 id
412 1111 503 1170 lutrae
517 1111 588 1172 anui
601 1113 693 1172 verba
705 1112 754 1172 illa
768 1108 907 1188 ἐπιόντος
921 1113 1005 1190 ἔτους
1017 1113 1165 1190 indicant,
1186 1133 1239 1173 ra-

139 1193 297 1254 tuendum
322 1193 361 1254 ad
380 1194 590 1271 indictionem,
617 1217 693 1274 quaa
705 1198 853 1276 peculiare
866 1201 937 1258 anni
948 1199 1128 1280 principium
1143 1198 1238 1258 duca-

137 1277 418 1425 gbaltlZSeptambri,
439 1301 508 1344 cum
524 1283 632 1361 alioqui
651 1282 747 1345 civilia
764 1284 836 1342 anni
856 1293 948 1364 caput
970 1284 1004 1344 in
1018 1284 1077 1342 kal.
1094 1285 1240 1344 Ianuariis

244 1374 330 1424 flesti.

221 1452 549 1514 >summittentem
592 1472 701 1512 numen
721 1451 780 1512 laec
805 1452 885 1532 apud
903 1453 1115 1532 Pachymerem
1138 1450 1239 1512 ultimi

138 1535 246 1594 manain
256 1544 302 1594 eat
313 1536 499 1609 December,
519 1545 555 1596 ut
568 1537 740 1616 intelligitur
752 1557 791 1597 ax
804 1539 903 1599 verbis
917 1560 948 1619 p.
961 1544 1023 1604 305
1037 1557 1066 1598 v.
1080 1545 1102 1605 2
1144 1536 1161 1600 ὁ
1179 1539 1236 1616 βα-

138 1617 237 1695 asteria
259 1625 370 1684 τοῦτον
388 1616 590 1703 προβάλλεται
607 1617 701 1702 μηνός
721 1629 979 1706 σκιρροφοριῶνος
997 1625 1116 1706 εἰκοστῇ
1135 1617 1236 1706 ὀγδόῃ.

137 1705 178 1764 ad
185 1705 348 1784 marginem
362 1707 504 1784 anaginna
517 1706 656 1768 incedi}
667 1707 807 1768 scribitur
822 1711 1021 1789 Δεκεμβρίου,
1033 1708 1079 1767 uti
1092 1716 1160 1786 etp.
1173 1707 1237 1772 5³2

136 1809 168 1850 v.
182 1795 218 1864 8,
239 1791 292 1850 ubi
305 1791 343 1851 da
356 1791 535 1870 imperatore
550 1795 692 1853 acribitur
711 1790 844 1873 θνήσκει
863 1791 896 1856 δὲ
914 1797 1172 1875 σκιρροφοριῶνος
1190 1791 1237 1852 ἕν-

136 1871 258 1960 διιιιὶιρ,
277 1876 311 1934 in
324 1878 456 1956 margine
469 1880 667 1960 Δεκεμβρίου.
709 1879 792 1958 quod
802 1879 963 1957 utrobique
977 1877 1047 1940 Vin
1061 1885 1236 1938 contextum

134 1961 251 2041 recipit.

494 2127 767 2205 CAPUT
817 2129 873 2206 11.

175 2261 306 2325 Initium
333 2266 454 2343 imperii
480 2263 627 2324 'Intendere'
648 2268 801 2326 Lasearia
827 2267 979 2342 lanionia,
1017 2259 1193 2324 undenam

130 2349 265 2407 liiatoria
284 2348 444 2430 procedit,
466 2351 640 2495 ναιίυιιὲὸιιι
650 2351 874 2432 claronologicia
886 2363 913 2410 et
926 2351 1045 2410 coelesti
1062 2347 1235 2408 charactere

586 2450 800 2499 enwnatratur.

213 2552 237 2615 l.
279 2553 347 2615 Nou
367 2574 526 2635 paaaunma
543 2574 582 2615 ex
608 2556 820 2636 opportuniori
840 2554 954 2635 epocha
977 2552 1067 2616 lruiua
1091 2555 1234 2615 historiae

48 2685 50 2700 ‚
130 2648 223 2718 caput
239 2638 452 2719 duoeraguam
466 2660 504 2699 ex
516 2639 604 2699 initio
615 2641 802 2720 principatus
818 2638 967 2699 Theodori
980 2640 1112 2699 hanania
1126 2660 1161 2699 aa
1174 2661 1233 2699 no-

128 2725 210 2787 tm'na
231 2723 371 2797 aecundi,
398 2724 454 2783 lilii
473 2734 504 2785 et
522 2724 700 2783 aucceaauria
717 2727 750 2785 in
762 2726 888 2803 imperia
900 2723 1018 2784 loannia
1034 2725 1151 2800 Durae,
1172 2724 1231 2783 Ba·-

128 2816 227 2868 tatzaa
242 2808 447 2888 cognominati.
487 2809 647 2887 insigniora
660 2810 738 2869 enim
751 2826 885 2887 quaeque
898 2809 936 2868 da
948 2807 1090 2867 Michatle
1106 2808 1232 2869 Palaeo-

126 2893 196 2973 luga
209 2894 309 2956 adhuc
321 2894 441 2973 privato
456 2892 507 2952 hic
522 2902 646 2954 narrata
658 2893 718 2954 hac
731 2894 891 2954 Theodoro
913 2894 1077 2971 imperante
1097 2894 1230 2971 contige-

126 2987 218 3053 runt,
239 2982 325 3041 cuiue
337 2986 562 3059 praematurum
575 2980 692 3039 abitum
706 2980 807 3040 atatim
818 2980 879 3039 tere
890 2976 1040 3039 Michaelis
1054 2978 1185 3037 eiusdem
1197 2978 1229 3037 in

127 3065 285 3144 imperium
297 3064 411 3125 evectio
432 3066 558 3144 excepit.
599 3066 660 3125 acie
680 3066 737 3126 anb
754 3066 865 3151 lcanne
877 3080 996 3143 qnoque
1017 3062 1152 3123 nonnihil
1166 3062 1229 3122 eiua

127 3152 243 3229 generi·
255 3171 281 3211 c.
295 3156 316 3216 6
330 3151 351 3211 l.
367 3156 383 3213 1
406 3150 578 3211 memorari:
604 3170 712 3211 aarum
729 3161 762 3211 et
775 3150 809 3211 id
828 3150 925 3212 obiter
942 3148 1124 3209 insinuatum
1137 3149 1229 3207 dum-

126 3245 216 3295 taxat
227 3236 311 3313 qnaai
323 3236 509 3316 praetexitur
522 3235 623 3315 aperi3
643 3246 674 3295 at
685 3237 760 3297 illud
774 3236 872 3316 iprum
891 3236 956 3295 iure
974 3235 1115 3315 imputari
1127 3233 1228 3293 Theo·

127 3321 204 3381 dare
217 3323 318 3401 patuit
329 3330 448 3381 tantum
464 3342 527 3382 non
541 3322 701 3401 imperanti
715 3332 746 3383 et
766 3321 847 3401 apud
864 3328 1017 3399 parentam
1032 3320 1177 3379 saniorem
1190 3337 1225 3377 ea

125 3407 237 3485 gratiae
250 3428 286 3467 ac
301 3408 450 3486 potentiae
459 3407 555 3486 gradu
568 3408 687 3483 nitenti,
706 3408 824 3486 qualem
840 3414 971 3485 parerat
985 3405 1136 3483 unigenita
1150 3404 1227 3464 viai-

74 3548 78 3553 ,
125 3491 164 3551 lia
184 3493 293 3573 adepto
316 3493 533 3571 planitudinem
551 3494 669 3567 aetatia,
688 3493 772 3553 haud
789 3492 880 3551 dubia
896 3492 1057 3551 aucceeeori
1073 3490 1225 3549 declarato
1242 3492 1264 3546 Ρ
1281 3492 1332 3547 489

125 3587 158 3636 et
169 3578 228 3637 iam
243 3599 326 3639 nuuc
341 3580 404 3638 fere
423 3579 549 3657 collegae
563 3578 666 3639 tribui.
708 3588 789 3639 recta
804 3578 894 3657 igitur
910 3588 1010 3637 noeter
1030 3576 1118 3635 initia
1133 3573 1224 3633 moda

123 3662 239 3723 laudati
258 3664 366 3743 capitia
383 3668 418 3738 7,
439 3665 523 3723 velut
549 3663 705 3723 hieterium
725 3664 797 3724 inde
822 3684 906 3723 auam
933 3662 1087 3742 anapicana
1111 3658 1223 3734 acribit,

123 3749 288 3827 imperante
300 3747 459 3809 Theodoro
471 3750 590 3807 Laecari
601 3760 668 3827 poet
682 3760 798 3829 patrem
805 3793 814 3825 ,
835 3748 1006 3809 Michatlem
1021 3746 1223 3823 Palaeologum

123 3853 240 3975 aaupper
253 3835 416 3931 obnoxium
427 3835 554 3893 affectati
569 3837 651 3913 regni
664 3836 878 3917 suspicionibus
892 3834 1072 3977 [uisenflqun
1087 3832 1221 3973 extsontp

123 3940 172 3976 ma
185 3940 272 3978 orum
295 3938 427 3977 omnium
486 3938 541 3977 uae
557 3930 632 3979 tunc
649 3930 695 3979 eat
784 3940 819 3979 ua
863 3938 969 3979 caueae
1014 3936 1143 3976 menn.
1186 3934 1207 3973 u

123 4024 193 4082 erga
214 4004 305 4063 limen
327 4006 411 4082 quaai
430 3940 654 4084 priestruamue
670 3942 812 4067 liiaiiilae
827 3964 918 4083 'apuam
939 4004 1122 4063 illustratum
1133 4001 1220 4073 inane,

121 4098 193 4149 ante
205 4090 304 4151 amnia
317 4089 531 4150 elaborandum
545 4092 631 4151 nebia
653 4101 699 4151 eat
717 4092 750 4151 in
767 4090 976 4151 constituendo
993 4086 1123 4167 praeciae
1141 4092 1220 4145 tem-

121 4196 212 4255 pora,
232 4196 292 4255 que
314 4176 392 4254 cepit
411 4174 588 4237 Theodorus
603 4178 736 4236 Laecania
757 4177 861 4237 luniar
880 4176 1010 4234 habenae
1025 4170 1139 4251 imperii
1152 4179 1219 4229 tra-

119 4272 210 4323 ctare.
252 4260 445 4342 negligentiae
454 4262 488 4322 in
507 4261 568 4323 hoc
579 4262 749 4324 definienda
765 4272 797 4323 at
810 4262 895 4341 quasi
909 4261 946 4321 ale
960 4280 1013 4321 aua
1026 4258 1146 4319 nomme
1157 4276 1220 4318 πνι-
