3125 4900
281 259 331 332 40
597 259 777 329 GEORGII
800 259 1066 329 PncHYnfflltis

282 439 328 524 τῷ
352 432 432 500 κατὰ
452 430 507 497 τόν
524 427 642 516 Ἕρμον
662 437 720 516 τῆς
742 430 931 516 Μαγνησίας
951 431 1091 520 φρουρίῳ
1114 431 1225 497 ἐκεῖνον
1244 429 1419 517 φίροντες

284 537 529 624 ἐγκατίστηοαν,
558 533 691 618 συχνοός
704 534 778 613 τοῦς
792 533 930 622 ὀπτῆρας
951 534 1001 602 ini
1018 541 1192 616 βασιλικαῖς
1205 531 1418 619 ὑπηρεσίαις

284 637 439 717 τάξαντες.
491 637 521 704 oi
536 639 570 704 di
584 643 778 724 μεγιστᾶνες,
808 639 837 705 οἳ
856 640 912 720 μέν
929 640 961 704 ἐν
976 647 1045 713 ταῖς
1058 647 1160 720 τιμαῖς
1175 637 1219 702 ἐτι
1233 639 1415 720 μείναντες,

197 775 204 785 ·
284 743 314 808 oi
326 743 360 807 δέ
370 743 422 806 καί
436 745 498 807 τῶν
511 738 574 829 ὅπη
586 743 662 808 πστέ
672 747 728 828 γῆς
742 741 869 827 ἀκηόέες
888 741 994 824 ἐμενον
1010 741 1042 818 ἐξ
1057 740 1149 827 ὀργῆς
1162 748 1289 824 γωνιῶν
1308 739 1415 818 ἐξόλ-

282 870 386 927 μενοι,
414 851 477 910 τῶν
498 845 555 926 μίν
576 841 767 930 πραγμάτων
789 846 960 930 ίλευθίρως
981 840 1078 927 sigor,
1112 851 1169 928 τῆς
1189 846 1225 909 δέ
1249 841 1446 930 γλώσσης5

284 947 372 1015 οόπω
395 955 589 1034 θαρροῦντες
614 949 666 1033 (οῖ
687 949 748 1035 γὰρ
770 945 982 1029 Μουζόλωνες
1009 944 1265 1034 ἐφειστήκεισαν)
1307 947 1417 1030 ἐβασ-

245 1047 456 1133 Οσσιλόμευον
480 1051 537 1126 τὰς
558 1049 669 1135 ὀργός,
696 1053 747 1117 καί
768 1049 879 1129 πάντες
899 1057 1139 1138 προσεποιοῦντο
1162 1050 1240 1136 πρός
1261 1053 1418 1129 ἐκείνους

282 1155 319 1221 τό
341 1153 479 1230 taines-‘iic
501 1151 543 1231 ὥς
564 1152 625 1221 sind
646 1161 771 1238 βασιλεῖ
785 1159 883 1240 δῆθεν
897 1153 1055 1231 τελοῦντες
1067 1161 1111 1243 τῷ
1128 1156 1330 1244 μειρακίσκη)
1339 1205 1351 1235 ,
1386 1159 1417 1221 εί

284 1261 336 1324 καῖ
351 1257 429 1336 ὀδὰξ
443 1258 473 1323 οἳ
489 1255 645 1334 παθόντες
660 1258 746 1345 παρὰ
765 1266 823 1325 τοῦ
839 1256 973 1342 πατρός,
1002 1255 1155 1344 φαγόντος
1171 1257 1245 1333 νοός
1265 1266 1331 1341 τῆς
1351 1257 1414 1344 όρ-

284 1369 341 1448 γῆς
362 1361 507 1447 όμφαιιας
531 1362 582 1426 καί
605 1359 699 1428 κόνιίυ
720 1364 842 1448 πικρίας
859 1364 988 1436 ἐκείνους
1003 1363 1204 1439 ποτίσαντος,
1234 1361 1413 1443 αἱμιοδιᾶν
1426 1376 1462 1428 10

285 1465 435 1548 ὠρέγοντο
458 1462 513 1528 τόν
532 1459 610 1530 υἱόν.
663 1464 743 1547 πλὴν
765 1467 818 1528 καί
842 1463 941 1541 οὕτως
961 1464 1079 1549 ἐχοντες
1095 1465 1280 1545 δυσμενείας
1299 1465 1333 1530 σῖ
1347 1467 1413 1548 μὲν

283 1574 329 1657 τῷ
346 1564 610 1656 ἐπιτροπευομένρι
625 1569 676 1632 καί
690 1567 748 1656 νίφ
763 1567 794 1632 oi
809 1569 842 1632 δέ
858 1578 922 1644 τοῖς
938 1563 1117 1654 ἐφεστηκόσι
1125 1615 1135 1646 ,
1159 1563 1329 1644 παθόντες
1346 1569 1413 1650 μίν

284 1696 316 1734 τι
339 1671 390 1735 καί
413 1671 445 1747 ἐξ
466 1669 585 1735 ἐκείνων
608 1670 645 1736 τό
665 1673 755 1756 πρίν,
784 1669 820 1735 οὗ
836 1669 898 1754 μὴν
917 1673 935 1736 d
942 1669 951 1696 ²
970 1668 1043 1737 ἀλλ’
1060 1668 1132 1735 οὐδ’
1149 1666 1311 1754 ἦνίμισις
1327 1673 1412 1758 ἦρε-

247 1785 271 1837 D
288 1782 356 1854 μεῖν
375 1771 423 1838 εἴα
443 1769 526 1839 οὕτω
542 1774 628 1856 παρὰ
643 1772 679 1840 τὸ
694 1773 773 1850 είκὸς
788 1772 983 1858 τιμηθέντων
996 1772 1041 1856 μὴ
1057 1774 1326 1854 δυσμεναίνοντας
1346 1801 1413 1840 κα-

286 1886 441 1962 κουργεῖν,
468 1883 513 1967 τῷ
533 1876 611 1961 πρὸς
629 1875 760 1953 ἐκείνους
781 1876 858 1954 τίως
876 1873 967 1966 φόβῳ
988 1877 1266 1962 συγκατεκλίνοντο.
1327 1874 1407 1945 τότε
1420 1891 1455 1948 15

257 2065 261 2070 .
287 1978 319 2044 δ’
344 1976 361 2046 ό
383 1985 507 2065 πρῶτος
519 1986 582 2045 τῶν
595 1977 835 2060 Μουζαλαίνων,
864 1978 900 2056 ῦς
911 1983 960 2045 καί
977 1986 1020 2069 τῷ
1035 1985 1091 2045 τοῦ
1106 1983 1409 2066 πρωτοβεστιαρίου

286 2083 430 2168 τετίμητο
445 2078 613 2165 ἀξιώματι,
642 2081 724 2170 όρῶν
738 2085 792 2150 τὸν
807 2081 929 2170 φθόνον
944 2083 1042 2149 πολεῖν
1055 2084 1105 2147 καί
1121 2082 1220 2148 δεινὸν
1234 2078 1408 2168 όφίρπσν-

286 2211 345 2268 τα,
373 2188 424 2253 καί
440 2183 483 2263 ὥς
495 2193 656 2268 βασιλειᾶν
669 2186 755 2274 παρὰ
769 2192 893 2252 πολλῶν
905 2182 1106 2251 όποπτεόοιτο
1114 2233 1125 2264 ,
1153 2182 1331 2252 trieterides
1347 2188 1409 2254 τόν

287 2386 393 2434 stream
410 2397 519 2434 ausuros
535 2380 689 2452 apparebat.
722 2397 805 2452 quare
820 2315 937 2434 ἱΙΙοαίίό
951 2375 1142 2434 nonitiisimam
1168 2397 1252 2434 arcem
1270 2381 1306 2434 ad
1328 2383 1407 2438 Her-

288 2466 355 2503 anum
372 2450 524 2519 Magnesiae
540 2447 741 2504 submovendum
758 2456 926 2516 censuerunt,
947 2450 1036 2503 addito
1054 2452 1147 2504 idoneo
1164 2452 1288 2504 comitatu
1308 2463 1339 2507 et
1357 2472 1406 2509 so-

272 2515 336 2573 'lita
352 2519 442 2588 regiae
457 2518 570 2573 familiae
586 2536 618 2572 ac
636 2518 743 2588 palatini
761 2520 896 2573 ministerii
919 2518 1085 2589 frequentia,
1107 2520 1223 2573 studiose
1239 2522 1351 2577 delecta
1369 2542 1405 2577 ex

288 2589 350 2641 lidie
373 2591 438 2640 viris
463 2596 492 2641 et
516 2588 550 2640 ad
571 2588 756 2657 invigilandum
773 2589 851 2643 saluti
876 2588 965 2658 pupilli
983 2588 1108 2659 principis
1125 2588 1219 2657 gnavis
1234 2597 1263 2642 et
1280 2594 1404 2647 acribus.

289 2666 418 2711 caeterum
436 2657 591 2728 optimates,
615 2662 672 2710 aiva
689 2659 733 2727 qui
750 2658 777 2711 in
797 2674 843 2711 osu
861 2660 983 2711 honorum
1001 2666 1028 2711 et
1045 2658 1178 2712 iunctione
1196 2659 1404 2727 magistratuum

289 2727 457 2797 perstabant,
482 2726 539 2779 sive
556 2726 601 2797 qui
619 2726 693 2780 varie
710 2727 820 2798 dispersi
836 2728 947 2797 indeque
970 2730 1034 2781 male
1051 2729 1155 2781 animati
1173 2745 1237 2796 erga
1255 2728 1332 2782 exilii
1352 2748 1404 2783 au-

290 2804 378 2848 ctores
395 2796 443 2848 bec
461 2798 631 2850 conversione
648 2814 732 2850 rernm
758 2798 925 2867 prosilierant
941 2816 974 2850 ex
992 2798 1108 2865 angulis,
1132 2798 1215 2849 libere
1240 2797 1292 2849 ism
1318 2816 1404 2868 egere

290 2864 328 2919 illi
351 2866 454 2933 quiden
478 2866 623 2927 audebant,
647 2865 815 2920 continebant
830 2878 915 2920 tamen
933 2866 1048 2935 linguas,
1073 2874 1101 2920 et
1121 2874 1189 2919 metu
1204 2866 1402 2933 invigilantium

290 2936 388 2987 acriter
405 2944 434 2987 et
451 2935 524 3019 quasi
543 2954 558 2988 e
583 2934 689 3002 apecula
705 2952 825 2989 susurros
843 2953 929 2989 omnes
952 2953 1016 2989 aura
1033 2936 1109 2989 anxia
1126 2936 1286 3005 captantium
1307 2938 1403 2990 [liusa-

290 3004 375 3056 lonum
393 3005 467 3056 tacita
483 3004 665 3073 clangebantur,
687 3004 729 3057 ira
746 3006 858 3075 odioque
875 3004 978 3075 penitus
995 3005 1108 3058 conditis
1124 3012 1152 3056 et
1168 3004 1335 3058 simulatione
1353 3008 1403 3059 ob·

291 3071 376 3141 sequii
398 3073 500 3125 velatis.
536 3091 643 3143 praese
659 3074 780 3127 ferebant
796 3076 861 3127 enim
881 3090 974 3143 parere
991 3092 1020 3127 se
1037 3074 1101 3144 ipsis
1117 3074 1185 3127 velle
1202 3080 1231 3125 ut
1248 3076 1335 3127 vicem
1353 3093 1402 3143 ge-

292 3142 409 3193 rentibus
431 3142 596 3211 imperatoris
619 3142 737 3211 parvuli,
760 3144 804 3197 cui
828 3143 905 3197 etiam
924 3160 970 3212 per
988 3143 1116 3196 ministros
1133 3150 1161 3195 et
1178 3141 1294 3197 vicarius
1317 3146 1402 3211 impe-

292 3210 363 3262 rauti
390 3211 501 3263 libenter
525 3214 610 3264 obtem
630 3221 742 3269 ererent.
777 3214 841 3266 haec
866 3213 893 3265 in
916 3211 1027 3281 speciem
1052 3213 1266 3277 ostentabantur,
1295 3214 1400 3265 iuterim

293 3278 352 3331 dum
370 3276 389 3328 ii
407 3280 622 3348 praesertimque
640 3298 738 3349 nupero
756 3282 904 3351 principatu
930 3282 997 3350 passi
1021 3280 1131 3333 adversa
1154 3282 1275 3341 lucrant,
1304 3282 1401 3335 naurdi·

293 3363 339 3400 eus
362 3344 389 3397 in
413 3350 545 3415 proposito
569 3352 697 3403 contrario
719 3352 879 3413 haerebant,
904 3350 1044 3403 ulciscendi
1068 3350 1190 3403 videlieet
1207 3350 1233 3402 in
1251 3350 1300 3403 snit
1319 3358 1401 3419 caput

293 3424 415 3485 acceptas
432 3432 449 3469 a
467 3424 542 3486 patre
557 3416 679 3482 iniurias,
697 3436 729 3472 ac
742 3422 907 3473 vehementer
924 3420 1050 3489 optabant
1066 3421 1171 3472 efficere
1188 3426 1218 3471 ut
1234 3420 1326 3472 loanni
1345 3420 1399 3470 lilio

293 3486 386 3539 dentes
408 3486 636 3555 obstupescerent,
659 3505 692 3539 ex
708 3506 740 3541 eo
757 3490 825 3559 quod
845 3488 998 3541 Theodorus
1020 3497 1095 3557 pater
1112 3489 1167 3541 eins
1184 3504 1260 3541 uvam
1277 3490 1399 3542 acerbam

293 3556 351 3608 irae
374 3553 477 3606 immitis
495 3556 595 3626 etipse
612 3557 752 3610 mandisset
774 3569 802 3613 at
823 3574 973 3626 expressum
991 3576 1022 3609 ex
1041 3575 1072 3611 ea
1089 3558 1161 3611 aneci
1179 3558 1259 3609 amari
1278 3558 1399 3626 poculum

294 3624 360 3694 ipsis
377 3624 554 3693 propinasset
583 3625 659 3677 huius
675 3626 779 3695 generis
796 3626 900 3680 iniectis
915 3628 1035 3679 aerisibns
1052 3638 1130 3697 atque
1147 3625 1284 3681 effectibus
1300 3643 1398 3679 arcano

295 3694 390 3763 passim
415 3694 582 3761 gliscentibus
599 3695 691 3763 partim
708 3695 736 3747 in
753 3696 968 3749 adulescentulum
994 3696 1134 3766 principem
1151 3703 1259 3762 paterna
1276 3694 1400 3747 loboran-

296 3776 349 3815 tem
366 3762 479 3827 invidia,
506 3763 599 3833 partim
617 3764 643 3817 in
661 3774 781 3833 potentes
799 3782 899 3829 rerum,
922 3772 953 3817 ut
970 3766 1079 3836 quisque
1096 3768 1128 3818 ab
1145 3765 1178 3817 iia
1197 3764 1261 3816 alias
1278 3780 1307 3815 se
1326 3762 1397 3815 aliud

297 3850 373 3901 qoam
397 3834 465 3903 quud
489 3840 606 3902 optasset
629 3849 731 3902 passum
754 3836 920 3899 meminerat,
945 3852 1051 3905 pronum
1068 3835 1184 3887 iudicatu
1202 3839 1243 3884 est
1260 3831 1398 3901 haudqua-

297 3918 374 3981 quam
397 3909 596 3969 temperaturam
621 3920 637 3955 a
659 3912 751 3956 conatu
769 3903 889 3957 laedendi
906 3904 1066 3974 nocendique
1084 3902 1212 3971 capitibus
1230 3901 1316 3954 exosis
1334 3902 1397 3953 mul-

297 3970 431 4023 titudinem
448 3973 557 4036 iratam,
583 3971 632 4023 nisi
650 3982 733 4024 metus
751 3974 883 4041 potentiae
901 3984 1016 4027 armatae
1033 3973 1161 4024 conscium
1180 3970 1228 4023 sibi
1246 3971 1396 4038 exiguarum

298 4038 389 4090 virium
415 4042 526 4093 furorem
554 4041 681 4111 privatum
707 4050 851 4095 coerceret.
884 4060 970 4110 neque
989 4042 1030 4094 hic
1046 4048 1097 4094 tam
1115 4048 1250 4106 suspectus
1268 4048 1296 4092 et
1313 4038 1396 4091 minax

298 4116 383 4159 tumor
398 4124 482 4160 rernm
499 4127 618 4179 quorsum
635 4110 738 4163 tandem
755 4120 902 4180 erumperet
924 4128 975 4163 non
999 4112 1139 4163 verebatur
1156 4108 1317 4163 llluaalonum
1335 4112 1395 4159 natu

300 4174 439 4239 maximus,
465 4179 658 4243 protovestiarii
674 4180 788 4233 eminens
806 4184 943 4264 dignitate.
978 4198 1041 4249 ergo
1057 4180 1081 4232 is
1099 4180 1172 4232 homo
1190 4196 1238 4231 nec
1254 4178 1334 4231 hebes
1350 4188 1396 4225 nec

299 4245 436 4310 incautus,
452 4258 592 4316 perspecta
608 4268 659 4303 non
676 4250 762 4313 dubiis
777 4251 859 4321 signu
875 4250 973 4304 invidia
989 4258 1082 4304 contra
1098 4266 1128 4303 se
1143 4248 1263 4319 ingenti,
1282 4244 1397 4314 cognito·
