3125 4900
249 311 274 354 x
690 285 726 352 P.
750 285 916 354 POSSlNl

249 461 326 540 quos'
345 451 397 515 tali
418 448 577 514 occasione
595 449 697 515 multis
717 451 804 516 anuis
817 451 850 515 in
870 451 927 518 viri
947 449 1113 516 doctissimi
1125 453 1252 520 iautiase
1272 457 1349 521 acri-

247 558 306 620 niic
326 555 413 617 multi
425 553 559 617 sciam..
580 573 735 618 summ
754 555 826 634 latit,
847 557 967 641 qualem
988 557 1178 619 comitiorum
1195 554 1234 621 de
1249 581 1347 640 ιεςηο

246 660 389 721 arborum
415 675 500 720 sacer
527 658 673 742 apologus
700 668 869 735 memorat,
903 669 937 720 ut
969 659 1112 721 nimirum
1139 659 1218 734 vite,
1252 662 1347 742 oliva,

52 817 64 834 ο
198 803 202 808 .
246 761 324 834 lieu,
351 758 463 822 mactis
484 775 542 843 pro
566 777 602 820 se
625 777 743 843 quaque
767 757 877 844 plantis
905 760 1044 823 talobua
1063 761 1283 841 nemausam,
1304 762 1348 827 ad

244 863 408 924 rhamnum
427 880 476 923 ras
498 856 718 925 devolveretur.
761 860 831 925 b'cet
856 881 940 926 eram
967 863 1043 926 mihi
1066 863 1201 926 consutas
1221 867 1348 950 suppel-

245 963 352 1028 lectilis
379 973 496 1040 cartae,
526 961 655 1025 minoris
672 964 837 1044 facultatis,
858 964 1003 1050 temporis
1022 961 1231 1028 diversissimis
1253 987 1349 1028 occu-

242 1064 416 1152 pationibus
442 1062 654 1144 addictissim,
680 1075 783 1128 tameo
812 1065 938 1146 cognitis
966 1063 1120 1130 desideriis
1147 1066 1205 1130 viri
1231 1067 1349 1130 summi

243 1165 286 1230 de
308 1187 360 1229 ma
392 1165 510 1252 optime
539 1165 660 1238 meriti,
686 1165 887 1232 verecundiae
906 1187 995 1231 meae
1022 1167 1087 1234 vim
1114 1169 1292 1234 facientibus
1313 1181 1348 1234 et

243 1268 440 1354 imperiorum
468 1268 684 1354 occupantibus
709 1280 825 1354 partea,
853 1266 965 1334 audem
991 1291 1081 1358 supra
1100 1269 1180 1335 vires
1200 1293 1265 1333 non
1286 1268 1349 1333 du-

243 1371 355 1451 bitari,
383 1371 507 1456 oraque
533 1391 613 1435 onus
630 1370 746 1451 negotii
764 1373 882 1453 subire,
909 1372 942 1434 in
963 1392 1023 1458 quo
1037 1371 1211 1438 sustinendo
1234 1371 1348 1436 defun-

244 1471 405 1558 gendoque
425 1473 494 1538 vice
513 1472 569 1536 otii
588 1471 759 1557 ingeniique
779 1474 880 1538 omnis
906 1471 1041 1537 studium
1063 1473 1141 1538 mihi
1161 1495 1229 1540 esse
1248 1473 1347 1540 deba-

244 1586 292 1639 ret
309 1586 399 1662 atque
421 1575 612 1662 obsequium.

329 1727 372 1794 V.
413 1727 466 1794 sic
485 1725 526 1792 ad
546 1750 617 1792 eum
637 1730 773 1791 laborem
794 1727 986 1810 aggrediens,
1014 1729 1047 1792 in
1067 1725 1252 1794 recensendo
1272 1748 1347 1793 ver-

243 1828 400 1917 tendoque
428 1828 558 1894 fundum
581 1830 675 1893 habui
702 1827 901 1893 Barbas-imm
928 1829 1081 1911 codicem,
1114 1851 1186 1894 anm
1214 1827 1254 1892 da
1280 1848 1345 1914 quo

177 1927 182 1941 ’
243 1935 342 1996 multu
362 1931 442 2012 dixi,
464 1933 619 2012 omnium,
640 1931 764 2018 opinor,
781 1933 835 2017 qui
855 1943 957 1996 extant
976 1933 1095 2017 uspiam
1114 1931 1346 2012 integerrimum

241 2034 461 2121 et‘optimum,
483 2035 517 2096 in
544 2036 646 2097 charta
670 2031 881 2113 transmarina,
908 2034 1062 2098 uetustatis
1083 2033 1196 2095 auctori
1216 2030 1347 2111 Pachy-

236 2136 318 2199 aneri
338 2135 487 2222 aequalis,
507 2155 616 2197 manua
635 2153 700 2194 non
720 2133 961 2216 speciosissimae
977 2131 1100 2218 quidem
1120 2142 1172 2194 aut
1192 2132 1270 2192 lectu
1290 2133 1345 2192 fa-

99 2231 103 2238 “
239 2237 386 2314 cillimae‚
406 2247 557 2298 caeterum
575 2231 712 2296 eruditae
732 2243 762 2293 et
782 2243 914 2296 emmae.
956 2231 1034 2297 duos
1056 2231 1192 2296 consului
1212 2231 1288 2295 alios
1308 2230 1344 2295 in

238 2337 359 2416 dubiis,
382 2335 566 2399 Vaticanum
587 2345 619 2398 at
643 2332 830 2397 mannum.
873 2335 967 2420 priori
993 2356 1012 2398 a
1032 2335 1215 2400 bibliotheca
1234 2333 1344 2397 Ponti·

236 2438 330 2517 ficia,
356 2437 409 2501 ubi
438 2447 621 2519 ammaim,
657 2458 771 2501 noman
797 2435 867 2502 leci.
914 2435 1023 2501 luitis
1050 2434 1205 2523 quondam
1234 2433 1275 2500 V.
1303 2433 1341 2501 G.

241 2539 358 2624 dloyaii
384 2539 496 2604 Lollini
523 2541 660 2629 episcopi
685 2538 896 2619 Bclluuensis,
927 2541 979 2627 qui
1007 2562 1080 2605 eum
1109 2539 1242 2603 moriana
1270 2559 1343 2602 cum

239 2644 308 2707 aliia
334 2663 413 2721 msa,
443 2664 521 2729 qtaae
547 2645 642 2707 multa
669 2644 845 2725 collegerat,
871 2641 1038 2708 vaticanae
1065 2644 1266 2709 bibliothecae
1293 2643 1343 2705 le·

239 2742 332 2827 gavit.
380 2746 462 2807 nune
495 2757 531 2808 ut
560 2744 632 2809 iude
670 2744 798 2809 domum
831 2748 1002 2826 auferrem,
1035 2746 1138 2833 ibique
1172 2744 1212 2809 ad
1241 2743 1342 2809 conti-

241 2866 337 2910 nuum
369 2856 399 2909 et
426 2846 596 2911 liberiorem
617 2868 706 2911 usum
726 2848 829 2913 multis
851 2848 1007 2912 mensibus
1025 2858 1160 2913 tanmem
1181 2846 1215 2911 S.
1236 2844 1278 2909 D.
1297 2845 1338 2911 N.

186 2969 193 2979 ‘
239 2946 488 3014 ALEXANDRI
507 2948 570 3014 vlt
589 2962 741 3036 praestans
760 2949 928 3031 benigmtm
950 2951 1104 3017 concessit.
1143 2948 1263 3013 tertium
1279 2948 1342 3011 hn-

240 3051 418 3115 manissima
438 3048 640 3137 suppeditavit
662 3053 818 3139 eprirato
837 3051 958 3139 peculio
969 3053 1098 3116 vlibrario
1118 3049 1339 3117 lttueotssimm

241 3151 309 3226 Lep
329 3151 451 3215 Allatim
472 3147 638 3239 praefectus
653 3155 853 3219 bibliothecae
870 3154 1046 3221 vaticanae.
1087 3152 1261 3242 praefertis
1281 3172 1339 3215 an.

240 3254 409 3341 tiqudtatem
434 3252 719 3341 quadringentorum
743 3258 832 3322 facile
852 3278 999 3321 auronum
1022 3256 1141 3321 chartae
1160 3264 1192 3321 et
1210 3252 1338 3340 scriptu»

165 3419 169 3429 ,
242 3376 297 3420 raa
321 3356 422 3443 specie
449 3376 484 3420 ac
515 3357 621 3443 ulum,
646 3357 704 3423 aad
732 3372 780 3424 est
810 3354 977 3443 dicipulos
999 3356 1055 3425 acl
1076 3352 1205 3442 ἀτελής,
1226 3355 1337 3418 decem

239 3458 357 3523 circiter
386 3459 531 3547 capitibus
555 3460 661 3547 primis
681 3462 822 3545 mutilus,
850 3464 945 3527 finem
963 3462 1037 3525 item
1057 3462 1170 3525 hunnis
1190 3458 1336 3543 interpel-

238 3560 334 3623 latum
368 3572 399 3623 et
427 3562 540 3625 iniuriis
576 3563 645 3628 aevi
674 3584 710 3627 ac
746 3575 960 3651 tempestatum
1001 3576 1171 3651 corruptum
1206 3562 1335 3623 habens.

238 3658 406 3727 Vaticanus
432 3665 523 3744 longe
552 3665 726 3731 recentioris
753 3678 799 3731 eat
825 3688 942 3733 manus.
984 3669 1015 3732 in
1042 3666 1206 3735 Barbarion
1228 3660 1334 3725 codice

236 3766 365 3847 pertusis
386 3786 457 3829 casu
477 3765 611 3851 quodam
630 3768 712 3834 foliis
733 3768 868 3854 duobus,
891 3774 924 3837 in
945 3771 1089 3858 capitibus
1108 3772 1128 3837 6
1149 3772 1214 3833 et6
1234 3760 1334 3829 libriI

238 3862 338 3927 lt'mtus
357 3866 486 3931 totidem
502 3872 604 3948 fuere,
625 3892 702 3957 quus
722 3876 843 3959 explere
857 3894 920 3938 non
941 3874 1025 3961 potui
1046 3894 1085 3936 ex
1104 3869 1260 3947 illatione,
1281 3864 1333 3951 qui

238 3965 363 4048 Pflmss
383 3980 417 4030 ut
438 3969 521 4051 dixi,
553 3974 698 4061 capitibus
719 3975 826 4041 decem
848 3988 941 4057 caret,
962 3998 1019 4040 nec
1039 3995 1079 4037 ex
1098 3972 1259 4048 Vaticano,
1280 3968 1332 4053 qui

239 4086 304 4128 non
323 4078 386 4131 tam
406 4078 614 4161 apographum
632 4077 775 4143 historiae
795 4080 988 4163 Pachymeris
1008 4096 1099 4163 quam
1118 4071 1333 4161 compendium

240 4178 301 4246 eat,
329 4168 456 4237 diventa
481 4178 623 4295 pleraque
647 4183 750 4249 verbis
775 4184 962 4270 exprimens,
987 4200 1051 4244 non
1078 4178 1181 4267 paucis
1201 4186 1332 4263 praeter-

239 4267 501 4341 mlssss·100¹1ffl
527 4300 599 4363 argo
626 4282 667 4348 ad
693 4290 849 4374 exemplar
880 4294 1065 4363 asseryatum
1090 4282 1126 4345 in
1150 4279 1331 4346 bibliotheca
1382 4326 1385 4333 .
