3125 4900
377 254 454 328 720
644 269 660 328 .·
680 253 917 328 OBSERVAT.
940 255 1176 330 racfltttttu

375 419 510 504 synodos
527 439 631 484 eorum
645 419 734 488 etiam
744 423 902 508 eclipticas
911 423 962 488 vsi
974 421 1092 488 sffiosae
1104 424 1155 490 rel
1165 424 1300 490 nantino
1309 425 1427 488 eslsnin

377 519 424 572 tes
435 507 516 570 orbis
535 517 700 587 terrarum
721 511 773 572 val
788 529 892 572 omnes
904 511 955 572 vel
969 511 1096 574 maxime
1109 512 1299 593 perniciosas.

461 610 519 670 Sed
533 608 634 690 negari
646 624 711 670 non
722 619 823 692 potest
835 611 908 692 quin
920 609 1008 674 multi
1019 611 1152 674 deiectus
1166 614 1238 674 solis
1249 623 1282 675 et
1291 613 1371 675 lusae
1382 633 1428 674 cm

376 695 593 759 calamitatibus
619 693 752 776 publicis
781 707 813 758 et
840 705 936 758 morte
961 698 1133 780 principum
1162 719 1251 781 saepe
1277 707 1427 762 coneunmt

374 783 430 843 aed
442 780 648 842 confitendum
668 799 787 863 quoque
804 781 893 861 longe
910 784 1015 863 plures
1033 793 1065 844 et
1082 783 1208 866 eclipses
1223 785 1288 845 sine
1301 785 1336 845 iis
1346 785 1428 844 cantu

374 877 407 928 ct
422 867 558 927 infelices
568 883 671 926 rerum
691 876 815 929 eventus
834 869 899 928 sine
916 869 1076 951 eclipsibus
1095 870 1266 948 contigisse.
1305 889 1427 930 oonmssu

373 952 547 1012 admittitur
564 951 599 1011 in
612 951 781 1032 aliquibus,
808 952 842 1013 in
863 954 954 1015 nullis
975 975 1065 1016 cansa
1084 955 1250 1038 probatur,
1277 953 1310 1016 tn
1328 955 1427 1015 omnbus

374 1036 598 1117 contingentia,
617 1046 650 1098 et
661 1057 761 1101 merua
778 1057 864 1099 casua
880 1040 1083 1119 agnoscendus
1098 1049 1151 1104 cat

458 1155 568 1235 XVIII.
610 1155 652 1218 At
665 1155 738 1237 quid
755 1155 899 1239 prohibet
919 1157 1008 1220 deum
1031 1157 1070 1218 ad
1082 1157 1290 1220 incutiendum
1299 1155 1429 1218 honimbn

373 1263 445 1305 auae
458 1241 619 1302 maiestatis
634 1243 795 1304 salutarem
816 1245 1013 1306 reverentiam
1037 1244 1162 1326 eclipses
1182 1242 1333 1322 adhibere,
1356 1261 1429 1320 easque

263 1395 269 1406 ¹
372 1329 549 1389 velutlsces
565 1327 702 1390 sunmees
719 1337 879 1406 ostentare,
900 1331 926 1389 si
944 1350 1005 1390 non
1021 1350 1133 1406 caussa,
1155 1329 1262 1389 saltem
1281 1327 1427 1410 praenuntias

374 1412 507 1476 clsditsm
525 1413 723 1492 generalium,
751 1424 782 1474 et
810 1411 898 1475 tubae
916 1412 1079 1490 bellorum,
1101 1413 1209 1495 quslssis
1232 1409 1427 1474 mundunslili-

374 1517 445 1581 gere
462 1505 494 1560 et
511 1496 661 1576 corrigere
674 1499 854 1560 constituit?
876 1499 922 1560 nil
934 1500 1053 1580 quidem
1063 1499 1097 1558 id
1112 1499 1177 1560 lieri
1192 1498 1343 1582 prohihet,
1359 1495 1426 1556 sedet

374 1583 455 1646 nihil
467 1583 645 1666 persuadet3
668 1593 698 1644 et
721 1583 748 1646 ai
768 1583 940 1668 quandoid
964 1585 1037 1646 deus
1058 1583 1177 1664 iecerit,
1199 1585 1269 1666 quis
1286 1577 1425 1652 audeatubi,

375 1669 496 1752 quando
511 1679 542 1728 et
553 1669 670 1748 quoties
683 1669 757 1732 deus
769 1669 803 1730 id
819 1669 929 1732 efficiat
944 1669 1100 1752 profiteri'l
1129 1671 1179 1730 cui
1193 1669 1270 1730 dena
1288 1689 1360 1730 snum
1371 1663 1424 1724 eabe

374 1775 410 1834 re
423 1754 579 1815 consilium
597 1751 734 1836 speruitl
754 1775 803 1816 res
823 1755 912 1836 plane
926 1757 1018 1835 mira,
1038 1774 1095 1816 nec
1109 1754 1214 1816 divino
1231 1755 1348 1815 consilio
1359 1757 1424 1824 rant,

375 1840 459 1920 qnod
477 1838 511 1899 in
529 1848 591 1900 tota
609 1859 692 1900 sacra
713 1839 864 1921 scriptura
882 1842 995 1902 nullius
1018 1841 1140 1901 omnino
1162 1839 1283 1922 eclipsis
1296 1832 1422 1905 onnon

374 1945 445 1986 cum
456 1932 555 1986 temen
567 1924 601 1984 in
612 1925 729 2008 populo
743 1925 793 1986 dei
806 1944 862 1988 nec
874 1936 986 1988 mortes
997 1924 1170 2008 principum
1180 1946 1238 1986 nec
1246 1917 1424 2010 heilaneetsh

373 2010 494 2070 mitates
506 2009 650 2073 deonna.
670 2031 734 2072 non
748 2011 850 2072 demet
865 2031 967 2072 senens
979 2012 1176 2090 miseriarum,
1189 2031 1252 2072 non
1260 2001 1423 2072 deeranttbssb

374 2095 414 2157 ad
432 2095 559 2178 eclipses
578 2095 723 2157 videndas
740 2117 811 2158 oum
830 2095 960 2178 puhlicis
981 2095 1116 2157 cladibus
1139 2096 1322 2158 coniunctsa
1357 2091 1423 2152 dssrn

371 2181 452 2241 forte
464 2179 673 2262 providentia,
694 2191 724 2243 et
735 2201 806 2242 auae
820 2183 915 2261 gentis
927 2183 1034 2244 salutis
1050 2181 1201 2262 negligens
1216 2201 1281 2243 nou
1293 2173 1423 2239 admonebit

370 2265 525 2335 attendere
544 2265 583 2327 sd
605 2267 689 2344 aigne
709 2276 773 2328 tam
788 2265 935 2348 danitis,
958 2287 1033 2348 qnae
1052 2276 1113 2328 tam
1126 2275 1266 2348 patenter
1277 2284 1354 2348 quam
1370 2267 1421 2320 cub

370 2370 442 2411 suae
454 2349 626 2411 iracundiae
640 2359 671 2412 et
682 2349 843 2414 hominum
857 2351 1043 2433 castigationi
1055 2351 1287 2436 praemittebat?
1305 2346 1421 2434 proiciat

368 2433 402 2499 id
415 2434 537 2515 quidem
549 2431 729 2496 ludaeorum
741 2437 835 2516 genti,
854 2447 886 2500 et
899 2437 1074 2501 christianin
1086 2460 1148 2519 non¹
1161 2435 1286 2501 obesset.
1322 2431 1364 2496 sed
1374 2447 1418 2491 tob·

369 2517 471 2580 silium
485 2518 534 2579 dei
547 2518 752 2580 absconditum
770 2544 788 2581 a
801 2515 926 2583 saeculss
935 2569 944 2602 ,
967 2535 998 2585 et
1016 2523 1090 2606 ipsis
1103 2522 1260 2606 prophetis
1280 2514 1419 2583 nonrevtb·

254 2660 261 2671 ,
367 2612 453 2684 tum,
480 2624 529 2665 ars
542 2604 701 2669 iudiciaria
720 2605 888 2685 penetravit
900 2608 1031 2687 scilicet,
1053 2619 1083 2669 et
1103 2610 1136 2669 in
1152 2610 1237 2670 coelo
1253 2598 1419 2689 scriptumn-

368 2700 435 2765 cet,
456 2688 510 2751 sed
530 2688 679 2752 duntaxat
699 2690 888 2753 intellectum
903 2694 1001 2775 legere
1023 2694 1213 2755 scientibus?
1245 2712 1333 2773 nugae
1350 2700 1419 2747 ment·

368 2773 404 2837 in
422 2773 483 2837 hcc
510 2794 580 2855 ergo
611 2775 705 2858 pietas
728 2786 760 2837 et
788 2776 934 2858 sapientia
958 2779 1127 2839 Christiana
1155 2776 1347 2861 conquiescit,
1367 2764 1418 2851 qued

370 2859 496 2941 eclipses
510 2860 573 2923 sint
588 2860 723 2922 deiectus
745 2863 897 2923 naturales
923 2865 995 2926 solia
1010 2874 1040 2925 et
1058 2864 1166 2941 lunae,
1190 2885 1266 2945 qnae
1277 2854 1419 2925 nunant·-

262 2947 355 3005 1³5oe
370 2945 462 3007 beant
480 2967 542 3007 non
561 2947 652 3007 modo
676 2956 788 3008 certem
803 2946 856 3009 sed
876 2968 914 3009 ne
934 2948 1055 3030 quidem
1076 2950 1260 3032 probabilem
1279 2938 1418 3009 enecant

370 3030 422 3093 vel
435 3030 661 3112 significationis
669 3052 737 3092 cum
749 3032 878 3114 publicis
893 3034 1109 3096 calamitatibus
1123 3046 1175 3096 aut
1188 3046 1284 3098 morte
1295 3028 1419 3116 pn'ncipffl}t

370 3117 609 3197 connexionem,
628 3118 785 3199 multoque
804 3118 904 3181 miuus
922 3141 991 3183 cum
1011 3122 1135 3183 fortuna
1156 3130 1186 3183 ct
1198 3111 1419 3183 ovensibusliben

367 3202 567 3285 privatorum.

454 3318 524 3381 Hoc
540 3327 643 3381 autam
663 3339 806 3403 magnum
833 3322 1023 3387 commodam
1048 3324 1175 3407 eclipses
1194 3325 1267 3386 solis
1285 3307 1418 3410 atlantin

368 3401 527 3466 historiam
540 3415 711 3489 temporum
725 3409 909 3490 important,
929 3411 1013 3491 quod
1024 3430 1062 3471 ex
1075 3430 1179 3471 earum
1194 3408 1318 3471 tenebris
1327 3422 1369 3463 ω*
1377 3411 1417 3489 ΙΡΡ

368 3490 555 3553 obsmritate
567 3492 734 3554 manifestis
752 3494 810 3555 lux
822 3514 930 3575 megna
943 3516 1030 3576 saepe
1043 3496 1133 3557 rebus
1147 3496 1237 3575 gestis
1249 3490 1363 3557 accedat
1383 3492 1418 3537 “¹¹

368 3576 450 3635 enim
461 3576 635 3639 melioribus
653 3578 774 3639 iudiciis
794 3580 881 3641 initia
893 3600 1071 3661 regnorum,
1096 3583 1268 3643 natintstes
1282 3571 1417 3665 principuus

367 3661 516 3722 victoriae
530 3662 681 3744 illmtres,
707 3664 825 3747 alisque
850 3666 930 3727 scitu
953 3676 985 3728 et
1005 3667 1262 3729 commendetione
1282 3658 1418 3743 posinunt*

366 3744 459 3823 digna
479 3747 665 3827 probantur,
694 3769 784 3831 quarn
809 3750 979 3830 eclipsibus.
1022 3750 1216 3830 chmnologia
1241 3765 1333 3827 regan
1350 3741 1416 3827 Ρθῐῑξ·

364 3847 450 3910 rum,
480 3832 554 3912 Cyri
571 3844 602 3895 st
624 3834 790 3895 Alexandri
812 3835 1002 3915 monarchia,
1028 3846 1059 3897 et
1086 3836 1236 3899 counnio
1255 3816 1417 3917 prolanseh·

363 3916 477 3974 storise
490 3937 560 3979 cum
573 3940 658 3980 sacra
669 3921 798 3981 maxime
809 3922 982 3984 iliustretur
994 3943 1049 4001 per
1060 3924 1215 4001 eclipseou
1227 3930 1315 3982 certes
1323 3914 1415 4005 mim·

363 4003 531 4063 totsseries
541 4003 686 4066 historiae
702 4007 897 4083 Graecorum,
916 4016 947 4069 m
962 4008 1099 4071 fundatio
1110 4010 1261 4070 Romanse
1271 3995 1413 4087 miptbh‘fi

363 4090 443 4140 usse
457 4096 539 4161 gno
555 4090 627 4150 sans
641 4092 790 4168 umas,
812 4092 941 4171 Augusti
966 4104 996 4155 n
1014 4094 1143 4155 nomm
1157 4066 1413 4175 nspmsnunnb

363 4163 612 4317 {gapuanus
640 4196 731 4258 quam
750 4176 834 4259 gued
855 4178 1075 4243 deiectionibus
1097 4180 1170 4241 solis
1190 4188 1245 4241 aut
1267 4177 1344 4239 tuan
1364 4174 1412 4222 ⁰⁰²·
