3125 4900
505 234 638 307 ml.
672 233 946 307 GLUSSdeUlll.
1197 238 1274 319 6οἶ
1302 260 1305 264 ’

178 384 337 483 Pompeius
352 387 474 481 Faetui,
494 402 625 484 optimua
637 410 792 465 enarrator
802 402 994 484 antiquarum
1004 402 1163 469 notionum
1173 404 1275 469 verleio

178 486 295 549 Latinio
315 488 531 565 subiectarum,
552 508 616 548 non
636 508 690 549 aua
709 488 802 549 rolina
822 490 875 549 aed
896 488 990 551 turci
1009 491 1275 569 praemoventi

178 572 298 649 Flacci,
320 572 498 653 antiquioris
518 594 574 633 nec
597 572 695 635 minua
716 574 852 634 accurati
867 574 1070 652 pammatici,
1094 575 1275 637 auctoritate

176 656 377 735 aignilicetum
397 658 537 719 vocabuli
556 658 641 719 eolea
659 658 747 721 nobie
763 659 903 721 ediaaerit
914 658 962 719 lria
977 658 1094 718 verbine
1115 660 1214 735 eoleo,
1236 671 1276 727 ua,

177 746 224 801 ait
249 743 391 821 Verria,
413 764 473 803 non
495 754 540 802 eet
563 745 664 803 colum
685 756 818 825 eaquae
835 741 1005 824 aolopedia
1021 743 1200 819 actitetur,
1219 743 1275 804 eed

176 830 269 887 etiam
284 850 344 907 pro
366 830 497 887 materia
510 828 653 889 roduetea
675 827 794 910 (velut
807 828 967 891 habetalia
984 828 1093 907 lectio,
1113 826 1275 910 reductu),

175 933 268 994 auper
282 934 377 993 quam
385 916 494 993 parier
509 918 651 973 cratitiue
663 917 824 977 extruitur.
864 915 977 975 Paulua
995 912 1079 974 huuc
1098 916 1199 976 locutu
1215 936 1278 977 exn

175 998 309 1060 ecribcua
329 999 507 1079 particulam
523 1021 582 1079 pro
602 1000 735 1077 negligit.
778 1000 822 1060 eic
844 999 924 1061 euim
945 998 1049 1059 habet:
1069 1000 1153 1061 eoleu
1169 1001 1219 1061 vri
1234 1021 1273 1059 eu

176 1082 292 1143 dicitur
315 1106 393 1163 quae
418 1084 484 1143 eolo
510 1083 598 1164 pedia
622 1085 788 1145 eubiieitur
808 1127 876 1147 ....
896 1085 945 1145 vei
964 1086 1096 1143 materia
1120 1084 1272 1161 robustea,

174 1190 267 1249 cuper
289 1190 382 1249 quam
398 1171 505 1248 parire
526 1172 671 1231 cratitiue
688 1173 847 1231 extruitur.
889 1170 922 1228 in
949 1169 1083 1248 margine
1106 1171 1271 1229 editionum

174 1254 374 1335 optimarum,
397 1254 525 1316 Venetae
539 1254 609 1315 anni
623 1256 705 1323 1560
720 1276 758 1315 ex
772 1252 955 1316 bibliotheca
966 1254 1091 1315 Antonii
1102 1255 1268 1333 Augustini,

173 1349 204 1398 et
225 1338 394 1399 Parieicneia
412 1339 626 1417 Scaligeriauae
652 1340 723 1399 anni
748 1341 846 1415 1584,
866 1334 936 1403 dost
949 1344 1004 1403 roei
1018 1360 1079 1420 pro
1099 1344 1276 1419 ruggerum,

173 1424 231 1483 alio
246 1424 335 1484 lectio
347 1446 421 1504 per,
442 1444 480 1483 ex
496 1445 555 1503 que
570 1425 746 1485 coniectura
761 1427 840 1487 sorte
857 1445 920 1485 non
934 1445 1009 1485 arua
1024 1425 1168 1499 duntur,
1188 1426 1266 1487 aeri·
1281 1430 1305 1485 1²
1320 1428 1374 1485 42)

171 1518 261 1591 ptum
281 1510 351 1569 olim
366 1510 400 1569 in
414 1507 578 1590 archetypo
598 1511 688 1571 luiaae
703 1531 760 1591 pee
773 1513 930 1569 emeterio
943 1510 1154 1576 redueteoetc.
1196 1531 1268 1573 natu

172 1614 225 1676 per
240 1594 352 1657 dicitur
367 1595 449 1674 quod
464 1594 545 1654 aliud
560 1596 702 1672 auetinet,
736 1604 770 1655 ut
779 1617 835 1675 pee
847 1616 967 1655 mmeae
980 1595 1080 1655 Plinio
1096 1596 1119 1659 l.
1137 1600 1178 1661 12
1190 1616 1218 1658 c.
1232 1602 1268 1661 1:

172 1678 273 1738 eodem
286 1680 369 1739 ebore
383 1682 544 1739 numinum
557 1702 612 1740 orer
625 1690 830 1759 epeetureutur
841 1692 869 1739 et
881 1702 1054 1741 menearum
1061 1678 1162 1760 pedee.
1205 1698 1276 1759 que,

171 1784 263 1826 aenou
281 1764 471 1826 atereobatou
493 1784 547 1845 pee
564 1774 610 1825 eet
629 1764 783 1846 atylobeti.
826 1766 982 1827 Vitruviua
996 1767 1050 1831 l.8
1067 1775 1097 1826 'c
1112 1769 1149 1830 8:
1169 1786 1275 1844 eupro.

171 1861 284 1909 terram
313 1852 445 1931 parietes
476 1861 656 1911 extruantur
681 1850 738 1909 eud
770 1852 923 1909 columnia
947 1849 1078 1909 dimidio
1104 1854 1270 1910 ermeeoree

172 1956 269 2017 quam
291 1936 450 1995 columnae
468 1947 539 1995 eunt
551 1938 699 2014 futurae,
724 1938 772 1995 uti
785 1936 933 2013 firmiora
946 1938 1009 1994 eint
1020 1937 1168 2012 iuferiora
1181 1957 1270 2015 aupe-

171 2018 328 2099 rioribue‚
359 2042 437 2101 quae
460 2022 625 2085 stereobeta
649 2021 866 2101 appellentur:
897 2042 971 2081 reum
993 2022 1147 2099 excipiunt
1166 2041 1269 2080 onera.

171 2103 1271 2270 titt⁰525..‘12⁷2th2⁸.tt²‘t.lttltjt.‘ti.“3.²it.“tttt.tt

610 2234 619 2263 ἱ

172 2272 231 2335 dae
251 2285 308 2337 etc.
352 2275 491 2337 materiae
512 2266 602 2355 porro
623 2276 774 2337 mentione
789 2275 946 2337 robusteaa
960 2296 1023 2335 nou
1039 2275 1163 2356 proprie
1176 2274 1278 2335 iutel·.

170 2358 324 2438 ligendum
339 2360 392 2421 bic
409 2381 567 2440 quer-ceum
581 2362 711 2439 lignum,
733 2360 785 2421 aed
798 2361 996 2441 metonymice
1010 2380 1121 2441 corpua
1136 2359 1279 2439 quodvia¹
1307 2421 1310 2426 ,

171 2444 296 2508 duritiei
311 2456 437 2526 quantae
451 2469 527 2529 opua
542 2457 587 2508 eat
602 2447 674 2508 rnoli
696 2446 885 2525 graviaaimae
905 2446 1079 2527 portandae.
1119 2444 1278 2510 alluditur.

171 2533 252 2590 enim
266 2529 299 2590 in
312 2533 457 2592 aimilibua
472 2535 556 2612 origo
575 2533 808 2608 architecturae,
830 2553 906 2611 quoe
920 2533 1050 2612 primum
1064 2551 1139 2590 aevo
1150 2529 1278 2598 rudiori¹

170 2615 260 2694 lignis
282 2616 472 2695 aedificabat,
498 2638 536 2678 ex
557 2619 664 2696 quibua
688 2636 846 2694 querceunr
867 2617 1021 2678 tundendo
1035 2626 1139 2695 eptum
1153 2613 1266 2674 iudice·

169 2701 261 2768 batur
275 2701 314 2761 ol>
327 2702 412 2763 dotea
429 2723 502 2781 quea
518 2711 665 2762 memorat
677 2701 835 2760 Vitruviae
848 2701 899 2767 1.2
914 2705 968 2764 c9
982 2699 1029 2759 bia
1042 2699 1155 2760 verbio:
1176 2721 1266 2778 quer·

170 2809 225 2846 cue
239 2790 363 2846 terreuia
374 2789 596 2866 principiorum
608 2785 804 2846 eatietatidur
819 2784 1000 2860 aliundene,
1015 2804 1189 2862 parumque
1205 2784 1277 2844 lea..

170 2872 242 2932 bena
252 2871 390 2932 numeria
403 2884 431 2930 et
444 2875 526 2932 adria
539 2883 566 2932 et
579 2873 677 2952 ignia,
699 2891 769 2930 cum
780 2873 815 2929 iu
825 2873 952 2929 terrenia
961 2868 1102 2948 operibua
1113 2868 1271 2948 obruitur.

169 2957 325 3036 infinitam
344 2957 433 3018 habet
453 2961 675 3031 aeternitatem,
697 2978 731 3016 eet
743 2977 775 3014 eo
793 2953 961 3036 quodcum
977 2953 1272 3032 tanguorloomore.

170 3063 233 3103 non
251 3042 562 3120 hobenesorominum
576 3045 722 3103 raritatee
729 3052 855 3121 propter
865 3042 1069 3121 apieeitotem,
1092 3059 1154 3098 nou
1164 3049 1266 3118 poteat

170 3131 205 3187 in
224 3149 345 3207 corpore
363 3131 488 3207 recipere
501 3130 648 3209 liquorem
663 3125 856 3206 aedsugima
866 3126 905 3186 ob
916 3125 1042 3184 humore
1053 3126 1176 3184 reeirtit.
1216 3144 1266 3184 re-

170 3213 344 3273 tinebantur
365 3223 480 3289 autem,
503 3217 591 3274 etiem
614 3223 683 3292 poet
694 3213 881 3272 ·aubatitutoa
898 3211 931 3270 in
946 3209 1107 3270 atructurie
1121 3209 1203 3288 ligno
1218 3209 1266 3268 la-
1331 3267 1341 3274 „

170 3298 271 3380 pidre,
293 3299 436 3360 uocabula
451 3297 561 3379 priora.
603 3307 639 3358 ut
651 3297 760 3359 Paulue
775 3315 813 3356 ex
827 3297 915 3357 Feeto
928 3295 1019 3356 aerbo
1033 3293 1160 3356 nobum
1172 3295 1277 3355 tradit,

170 3383 288 3443 Robum
303 3384 417 3443 dictum
434 3385 465 3443 in
483 3403 601 3445 carcere
620 3384 722 3443 locum
742 3401 802 3458 quo
824 3381 1041 3463 praecipitetur
1062 3380 1267 3442 maleficorum

170 3487 264 3547 genue
286 3474 378 3550 (puta
393 3470 541 3548 tartigium
553 3465 775 3550 propugnaculi
791 3466 824 3524 in
839 3486 980 3547 praecepa
997 3467 1164 3542 imminent,
1184 3465 1267 3526 unde

119 3609 124 3618 ,
170 3552 308 3613 maleficii
329 3553 459 3614 convicti
481 3554 712 3628 deiciuntur,
743 3561 780 3612 ut
798 3551 928 3611 Manliua
947 3571 1084 3630 ax·rupe
1110 3547 1265 3630 Tarpeia).

171 3658 291 3697 caueam
305 3639 510 3719 appellationis
526 3641 625 3701 rtatim
638 3638 740 3715 tradit,
767 3636 854 3717 quod
865 3648 936 3696 onte
951 3658 1036 3696 orceo
1048 3636 1198 3694 robuateia
1214 3637 1267 3692 in-

171 3721 379 3788 cludebantur.
420 3724 481 3785 hoc
501 3735 558 3802 eat,
581 3725 723 3805 quoniam
744 3722 823 3802 apud
843 3732 960 3784 veterae
981 3743 1045 3782 moa
1065 3731 1128 3781 erat
1149 3719 1265 3780 arcium

171 3808 299 3870 claustra
319 3809 357 3868 ad
382 3829 529 3870 summurn
554 3829 650 3890 neque
675 3809 824 3868 moenium
849 3807 948 3886 lignis,
962 3806 1095 3870 roboreia
1116 3815 1264 3882 extruere,

170 3890 241 3954 inde
257 3904 358 3972 portet
377 3915 495 3976 quoque
515 3915 603 3975 quam
621 3915 637 3954 e
652 3895 733 3954 aazia
752 3893 821 3954 tolli
837 3892 1061 3974 propugnacula
1074 3910 1267 3962 conauevere,

169 3979 280 4039 mansit
295 3979 427 4061 priscum
440 3980 620 4040 vocabulum
632 3977 785 4049 materiae,
805 3988 841 4039 ut
855 3979 949 4039 robue
963 3977 1052 4037 etiam
1066 3984 1132 4036 tutu
1145 3976 1264 4052 fastigia

170 4083 308 4142 aggerum
327 4085 361 4124 ec
383 4065 492 4144 pinnae
510 4085 664 4126 murorum
682 4065 865 4126 dicerentur.
906 4080 1084 4142 quamquam
1096 4059 1197 4142 iprum
1210 4081 1281 4119 ro-.

169 4147 252 4223 boria
271 4158 322 4208 aut
341 4151 471 4210 robustei
496 4171 605 4211 nomen
623 4150 762 4210 materiae
782 4167 923 4228 querceae
943 4145 1100 4228 proprium
1120 4165 1183 4206 non
1205 4153 1281 4221 eot,.

170 4233 223 4298 aed
244 4233 369 4310 coloriee
390 4237 471 4300 unde
488 4236 543 4298 boa
564 4237 657 4297 robue
672 4236 736 4300 aive
748 4234 845 4302 rubue
858 4235 965 4316 pn'acia
979 4241 1053 4296 erat·
1091 4232 1205 4296 Paulua
1223 4249 1262 4292 ex
1280 4300 1286 4317 ι
