3125 4900
258 1 519 30 auctor
546 1 809 33 uma-vie
835 1 920 32 res
953 1 1223 51 locuples
1252 1 1601 53 ncrupouus
1627 1 1909 53 uuorgluu
1941 1 2152 58 trualt,
2195 1 2488 40 acelama-

259 66 391 115 tus
428 56 761 138 imperator
795 56 1141 117 Theodorus
1182 69 1322 136 post
1361 58 1549 138 patris
1583 58 1821 120 Ioannis
1867 72 2117 123 mortem
2129 107 2153 140 2
2195 67 2482 144 quasillo

256 139 525 200 Christi
553 161 711 200 anno
743 144 906 208 1255
937 143 1111 202 tertio
1143 143 1265 203 kal.
1291 142 1651 204 Novembres
1674 145 1940 224 contigit,
1986 167 2189 207 curam
2219 151 2487 212 omnium

253 225 552 305 primam
577 226 782 306 posuit
809 226 873 286 in
913 228 1286 307 providendo
1313 229 1593 289 ecclesiae
1614 241 1887 308 pastore,
1933 251 2107 308 quam
2142 235 2487 312 patriarcha

255 310 539 370 Manuel
566 311 749 392 paulo
779 320 919 372 ante
954 312 1237 373 Ioannem
1283 314 1410 375 eins
1450 323 1678 394 patrem
1719 314 1981 375 moriens
2018 317 2340 395 reliquerat
2383 321 2485 380 vi-

258 394 500 455 duam.
583 417 656 456 ac
687 395 740 455 si
763 396 949 476 spatia
982 398 1162 458 rebus
1210 418 1275 457 ea
1316 399 1627 459 occasione
1657 401 1804 460 actis
1823 419 2087 478 congrua
2116 403 2482 483 dimetimur,

257 489 458 540 certo
484 479 883 560 intelligemus
908 503 1032 542 non
1057 484 1322 565 potuisse
1356 483 1592 544 Arsenii
1620 486 1981 545 evectionem
2008 485 2086 544 ad
2111 488 2481 564 patriarcha-
2510 511 2527 529 ·

254 573 418 624 tum
447 575 590 626 ante
620 585 880 626 mensem
917 569 1041 627 eius
1084 571 1224 628 anni
1264 569 1539 630 ultimum
1580 568 1726 633 fieri.
1812 589 1951 628 nam
1996 571 2325 649 penultimo
2354 574 2480 634 No-

252 650 521 710 vembri
547 652 866 731 persolutis
904 653 1200 715 decessori
1233 653 1466 734 parenti
1502 652 1851 716 funebribus
1876 654 2050 714 iustis
2068 699 2085 730 ,
2129 656 2476 719 deliberatio

255 733 354 795 de
388 736 738 815 patriarcha
775 737 925 796 inita
967 748 1057 798 est
1079 759 1121 825 ‘a
1158 737 1497 800 Theodoro.
1584 741 1962 819 primumque
1979 740 2186 800 multis
2213 742 2477 802 circum-

256 821 512 899 spectis
535 820 969 903 inNicephoro
992 823 1314 884 Blemmids
1330 868 1348 899 ,
1390 844 1511 904 quo
1537 823 1953 905 philosophiae
1974 824 2255 904 magistro
2282 847 2474 889 novus

254 904 619 985 imperator
653 927 798 968 usus
836 908 1068 982 fuerat,
1125 908 1452 987 designatio
1495 910 1786 971 consedit.
1871 929 2079 969 verum
2114 910 2258 988 illo,
2301 923 2475 993 post-

258 1009 467 1068 quam
491 990 667 1071 longe
692 992 902 1053 absens
926 993 1218 1053 invitatus
1239 1004 1330 1055 est
1347 1014 1456 1073 per
1480 995 1743 1072 nuntios,
1777 993 2065 1055 honorem
2088 995 2471 1075 detrectante,

253 1092 440 1136 nova
473 1076 780 1156 inquisitio
812 1078 978 1157 digni
1015 1079 1120 1138 tali
1153 1079 1290 1140 loco
1311 1079 1431 1144 viri
1456 1079 1633 1140 desiit
1656 1081 1722 1140 in
1757 1079 2039 1154 Arseni03
2082 1078 2182 1161 qui
2210 1081 2472 1145 oblatam

255 1158 632 1238 dignitatem
670 1163 930 1224 libenter
956 1162 1274 1224 admittens
1294 1183 1373 1225 ex
1404 1166 1764 1228 monasterio
1794 1165 1868 1224 ad
1896 1165 2092 1224 lacum
2114 1165 2471 1245 Apollonia-

254 1243 368 1303 dis
402 1246 557 1320 sito,
595 1248 703 1308 ubi
732 1249 913 1309 vitam
941 1249 1281 1328 religiosam
1307 1250 1653 1328 exercebat,
1695 1251 1969 1312 Nicaeam
2000 1251 2333 1328 profectus,
2379 1253 2468 1312 ibi

253 1330 476 1408 spatio
520 1332 908 1395 hebdomadis
945 1335 1124 1394 unius
1165 1333 1317 1415 (non
1355 1333 1532 1397 unius
1578 1335 1728 1412 diei,
1788 1345 1860 1395 ut
1885 1355 2194 1414 perperam
2212 1335 2465 1417 ponitur

252 1414 445 1494 apud
486 1418 899 1496 Spondanum)
947 1420 1156 1496 unius,
1210 1419 1485 1500 inquam,
1530 1419 1917 1482 hebdomadis
1944 1419 2136 1500 spatio
2177 1420 2463 1482 diaconus

251 1500 554 1561 sacerdos
593 1513 652 1563 et
693 1503 1032 1583 patriarcha
1085 1505 1393 1566 ordinatus
1439 1514 1543 1566 est.
1641 1505 1918 1584 idemque
1968 1524 2113 1564 mox
2149 1505 2367 1566 ritibus
2396 1506 2464 1566 in

253 1585 526 1646 ecclesia
553 1587 858 1648 consuetis
878 1587 1258 1653 Theodorum
1287 1589 1541 1651 erndem
1568 1590 1986 1672 imperatorem
2010 1589 2334 1650 coronavit.

443 1670 522 1732 11.
589 1674 778 1734 Nemo
803 1693 928 1734 non
951 1674 1206 1735 videtin
1233 1674 1328 1737 his
1357 1676 1535 1736 facile
1572 1677 1843 1736 consumi
1869 1672 2143 1736 debuisse
2167 1674 2463 1735 interval-

249 1754 390 1817 lum
430 1758 1039 1837 sesquimenstruum,
1090 1769 1162 1822 ut
1197 1760 1307 1820 vix
1352 1760 1597 1821 tandem
1638 1759 1747 1821 sub
1788 1759 2050 1825 medium
2078 1760 2460 1820 Decembrem

246 1843 700 1921 possessionem
729 1844 896 1904 adire
921 1844 1361 1924 patriarchatus
1381 1845 1667 1906 Arsenius
1708 1844 1991 1925 potuerit.
2076 1844 2213 1922 quia
2253 1866 2459 1924 porro,

182 1968 193 1979 .
250 1935 332 1984 ut
362 1937 541 1989 notet
564 1929 934 2011 Acropolita,
976 1928 1321 1991 Theodorus
1343 1929 1669 2009 imperator
1694 1939 1975 1989 evocatus
2002 1928 2455 2010 Adrianopolim

249 2012 628 2074 instantibus
656 2015 886 2090 causis,
929 2015 1213 2094 expedire
1251 2037 1315 2074 se
1345 2015 1597 2075 Nicaeae
1640 2014 1953 2074 festinabat
1992 2015 2316 2073 necessaria
2350 2034 2454 2073 ce-

250 2097 533 2156 remonia
573 2098 1044 2176 inaugurationis
1087 2118 1257 2172 auae,
1313 2117 1463 2176 quae
1502 2098 1695 2177 prima
1723 2100 1779 2157 ei
1818 2108 1953 2177 apta
1988 2116 2051 2155 se
2081 2097 2301 2158 obtulit
2326 2098 2452 2157 dies

256 2179 412 2260 (fnit
445 2200 512 2240 ea
540 2178 761 2240 Christi
790 2181 1070 2261 natalis),
1111 2182 1177 2241 in
1205 2201 1270 2240 ee
1300 2182 1485 2241 sacris
1509 2182 1769 2261 primum
1804 2190 2088 2262 operante
2113 2180 2452 2260 patriarcha

252 2265 592 2325 solemnem
637 2265 703 2323 in
745 2264 967 2344 templo
992 2263 1437 2331 coronationem
1475 2266 1708 2344 accepit
1745 2265 1841 2324 die
1884 2265 1966 2329 25
2000 2264 2370 2333 Decembris,
2413 2286 2450 2325 a

254 2369 384 2429 qua
413 2350 542 2424 die,
594 2369 747 2429 quse
772 2359 938 2409 sexta
966 2357 1055 2409 est
1085 2359 1422 2427 numerata,
1479 2348 1822 2409 Decembris
1858 2353 1941 2412 30
1971 2347 2267 2408 horrenda
2300 2349 2451 2410 solis

254 2434 477 2516 eclipsi
515 2435 632 2495 fnit
668 2433 936 2514 insignis.
1018 2432 1301 2496 habemus
1345 2456 1421 2497 ex
1459 2431 1555 2495 his
1586 2434 1824 2495 initium
1846 2432 2001 2493 sedis
2028 2434 2257 2493 Arsenii
2281 2434 2446 2502 omni

252 2520 549 2582 firmitate
584 2521 980 2580 constitutum
1018 2519 1085 2580 in
1134 2540 1334 2580 mense
1389 2520 1700 2581 Decembri
1744 2518 1887 2577 anni
1934 2518 2093 2584 1255
2128 2540 2159 2576 s
2205 2518 2444 2602 Christo

252 2616 427 2667 nato.
509 2605 914 2685 perseveravit
937 2604 1077 2665 inde
1102 2604 1207 2665 ille
1226 2605 1292 2668 in
1306 2604 1633 2685 tranquilla
1658 2602 1983 2664 functionis
2001 2603 2442 2685 patriarchatus

252 2691 537 2770 usquead
566 2700 811 2750 mortem
839 2689 1136 2751 Theodori
1158 2689 1553 2770 imperaturis,
1586 2710 1737 2769 quae
1761 2708 1957 2748 mense
1989 2691 2259 2768 Augusto
2292 2690 2437 2750 anni

254 2774 481 2835 Christi
526 2777 688 2841 1259
725 2778 957 2854 evenit,
994 2795 1227 2836 necnon
1263 2795 1454 2856 usque
1490 2775 1566 2834 ad
1604 2774 1963 2836 evectionem
2004 2774 2069 2838 in
2117 2774 2438 2855 imperium

252 2858 563 2921 Michaelis
587 2861 921 2940 Palaeologi
939 2905 957 2935 ,
1003 2880 1179 2941 quem
1204 2870 1263 2921 et
1289 2860 1632 2937 coronavit,
1673 2871 1734 2920 et
1767 2859 2003 2939 quidem
2033 2859 2247 2935 solum,
2278 2879 2438 2919 con-

253 2953 347 3004 tra
392 2966 567 3025 quam
598 2954 884 3006 statutum
924 2947 1151 3019 suerat3
1207 2946 1369 3024 quod
1414 2946 1531 3006 suit
1570 2946 1808 3005 initium
1857 2944 2176 3003 deiiciendi
2220 2944 2294 3002 ab
2322 2964 2434 3024 spe

254 3029 500 3110 imperii
537 3030 963 3110 redigendique
988 3033 1054 3090 in
1086 3030 1354 3090 ordinem
1391 3029 1648 3091 infelicis
1687 3030 1860 3111 pueri
1886 3029 2123 3092 Ioannis
2154 3029 2272 3088 iam
2300 3028 2429 3092 Διι-

255 3115 430 3193 gusti.
513 3116 956 3177 coronationem
994 3115 1168 3176 istam
1196 3114 1529 3195 Palaeologi
1570 3114 1957 3196 probabiliter
1984 3113 2341 3178 conserimus
2367 3114 2434 3173 in

256 3198 636 3265 Februarium
669 3201 808 3261 anni
836 3199 1052 3260 Christi
1083 3205 1269 3270 12602
1349 3222 1471 3261 non
1493 3201 1673 3281 longo
1698 3209 1839 3282 post
1867 3220 1993 3260 eam
2019 3208 2289 3279 tempore
2314 3198 2431 3257 Ar-

258 3284 453 3345 senius
492 3305 624 3347 sera
662 3286 882 3347 ductus
924 3286 1286 3365 poenitentia
1330 3285 1640 3348 facilitatis
1688 3306 1868 3361 suae,
1920 3305 2035 3363 qua
2072 3283 2425 3367 permiserat

259 3370 445 3430 omitti
471 3371 912 3436 coronationem
937 3368 1156 3453 pupilli
1175 3371 1465 3451 principis
1490 3371 1613 3432 eius
1639 3371 2010 3451 potissimum
2033 3368 2176 3428 fidei
2204 3389 2237 3425 a
2256 3377 2425 3447 patre

259 3454 542 3517 moriente
583 3455 1008 3534 commendati,
1067 3456 1283 3517 Nicaea
1327 3456 1554 3534 fugiens
1593 3456 1661 3515 in
1720 3454 2145 3515 monasterium
2194 3452 2422 3511 dictum

260 3539 546 3602 Paschasii
567 3541 827 3619 secessit,
865 3540 1069 3619 ibique
1091 3541 1389 3621 privatam
1413 3559 1583 3618 agere
1603 3540 1786 3602 vitam
1813 3539 2093 3606 instituit.
2175 3536 2294 3597 hoc
2324 3534 2425 3598 vi·-

262 3624 425 3687 detur
449 3626 674 3686 sactum
701 3645 904 3687 mense
925 3625 1140 3687 Martio
1175 3624 1322 3685 dicti
1363 3624 1506 3683 anni
1548 3629 1735 3691 1260.
1818 3642 1957 3685 nam
1990 3624 2115 3683 eius
2144 3622 2233 3685 rei
2262 3640 2425 3681 nun·
2505 3643 2514 3647 ·

261 3711 371 3771 tius
389 3711 654 3793 perlatus
684 3711 765 3774 ad
798 3711 1221 3793 imperatorem
1254 3708 1611 3773 michaelem
1632 3709 1884 3783 dicitur,
1928 3728 2047 3787 quo
2070 3718 2345 3788 tempore
2370 3704 2426 3763 ia
