3125 4900
302 313 375 388 234
614 312 790 383 GEORGII
815 311 1082 382 PACHYMERIS

300 512 374 563 στος
391 484 517 552 ίποιεδτο
534 480 698 615 euripideon
711 490 872 570 σωθῆναι,
898 484 949 551 καλ
966 480 1088 567 ἀμελεῖν
1100 474 1327 568 παρεσκεόαζον
1341 490 1400 550 τοῦ

299 590 429 675 πλησίον
445 586 499 665 orig
510 588 565 672 μὲν
585 615 614 655 οι
638 596 811 675 προμηθεῖς
829 584 926 676 φόβοι
942 585 998 663 οάς
1019 587 1055 652 δὲ
1066 587 1118 651 καί
1140 586 1248 651 δειλίαι
1263 584 1397 673 ἄκαιροι,

300 692 373 770 τοδς
385 692 442 775 μὲν
455 687 497 768 ὥς
509 691 541 769 ἐξ
555 688 706 777 ἀνάγκης,
733 694 760 757 εἰ
778 691 824 777 μὴ
848 685 1057 757 σπουδάσαιεν
1065 737 1077 772 ,
1103 684 1284 754 ἀλδσεσθαι
1299 714 1399 771 προσ-

260 805 285 858 D
303 798 474 875 δοκῶντας,
500 792 573 870 roda
587 796 621 859 δὲ
632 794 714 887 μηδ’
732 791 853 870 εδδότας
872 790 907 859 οδ
922 798 1020 859 κακοῦ
1033 788 1190 878 γεγόνασι,
1215 796 1261 880 τῷ
1276 793 1399 873 βλέπειν

299 896 413 975 ἀλλους
435 900 477 973 εἰς
495 896 614 962 ἔννοιαν
632 898 814 983 ἐρχομένους
827 899 879 963 καλ
903 897 955 962 διὰ
966 894 1057 961 ταῦτ’
1080 892 1323 980 ἀποχωροῦντας
1337 892 1423 984 inps

299 1026 346 1077 τις
358 1000 460 1086 ἤλπιζε
475 996 690 1083 σωθήσεσθαι.
743 998 780 1065 οὗ
804 999 863 1086 γὰρ
885 992 925 1083 ἦν
946 994 1175 1084 συνησπικότας
1188 998 1269 1063 κατὰ
1279 996 1399 1064 συντό-

301 1106 360 1181 ξεις
381 1099 522 1177 ἐπιόντας
547 1101 693 1186 δίχεσθαι
714 1102 788 1179 τοὺς
809 1099 966 1187 ἐχθροός·
990 1099 1081 1188 δγάρ
1095 1099 1179 1184 ἀγων
1197 1100 1331 1178 δκείνους
1346 1104 1397 1167 καί

301 1204 392 1283 αάτδς
409 1200 636 1292 συντετάρακτό
656 1231 689 1271 τε
712 1212 757 1296 τῷ
779 1202 941 1294 αἰφνιδίῳ,
975 1206 1026 1269 καί
1047 1202 1109 1291 δαῃ
1121 1200 1396 1291 φόγοιίσκίπτετο.

301 1307 421 1395 όλίγους
442 1314 515 1394 γοῦν
538 1310 607 1396 περί
627 1308 722 1375 αὐτόν
746 1308 840 1393 ἔχων,
867 1312 919 1374 καὶ
941 1304 1079 1389 μα’λιστα
1100 1306 1175 1384 roric
1191 1303 1397 1384 οίκειοτότους

258 1432 283 1486 ις
302 1414 351 1477 καὶ
371 1408 417 1488 οἷς
439 1412 575 1476 ἐπίστευε
594 1411 684 1477 πλίον
693 1460 704 1493 ,
735 1412 792 1478 edo
816 1413 938 1487 ἐκείνοις
958 1408 1024 1493 ἅμα
1036 1412 1093 1494 μὲν
1106 1408 1165 1486 τδς
1184 1406 1437 1496 δποχωρήσειςίυ

299 1520 361 1580 τῶν
378 1519 521 1602 φοβερῶν
537 1514 663 1579 ἐποιεῖτο
679 1516 729 1579 καί
748 1512 808 1597 ἀμ’
829 1512 943 1601 ἓτίροις
956 1521 1102 1601 φοβεροῖς
1114 1512 1330 1600 προσίκρουεν,
1352 1511 1396 1591 ὥς

298 1618 372 1693 τοδς
388 1618 445 1700 μίν
467 1614 702 1702 ἀποδιδράσκειν
720 1626 787 1695 τοῖς
807 1620 827 1683 δ
833 1617 843 1644 ’
866 1618 1040 1701 ἐμπίπτειν,
1075 1620 1127 1681 καί
1151 1622 1214 1682 τῶν
1237 1616 1396 1703 προτέρων

296 1718 341 1805 μὴ
361 1715 494 1806 φθόνειν
516 1716 660 1785 ἀνεῖσθαι
684 1714 792 1806 φόβων
813 1723 863 1785 καί
886 1720 1049 1806 δευτέρους
1070 1720 1248 1803 ἐκδέχεσθαι
1261 1720 1391 1803 μείζους.

298 1824 349 1889 καὶ
365 1820 423 1909 γὰρ
435 1824 485 1887 καὶ
502 1820 583 1887 αὐτὰ
606 1824 645 1888 τὰ
660 1829 723 1889 τῶν
747 1822 829 1910 δρῶν
842 1821 1048 1907 ἀναστήματα
1060 1824 1235 1910 φαντασίαν
1248 1832 1394 1907 παρεῖχον

296 1926 464 2008 πολεμίων,
492 1923 728 2011 ἔπεισαεσοόσης
751 1928 865 2002 δειλίας
887 1923 1020 2013 ἀφόεου.
1074 1924 1158 2009 ὅμως
1172 1926 1207 1991 δὲ
1220 1928 1271 1992 καλ
1292 1925 1394 2004 ἄλλως
1403 1940 1436 1994 15

294 2028 451 2114 ἧγγίλλετο
466 2019 501 2093 ed
526 2024 642 2094 δεινόν·
676 2029 712 2095 οδ
729 2028 789 2116 γὰρ
807 2022 846 2115 ἦν
861 2027 947 2106 ὅστις
967 2032 1019 2095 καί
1031 2029 1168 2117 προσιὼν
1181 2027 1203 2114 ἢ
1216 2032 1268 2094 καλ
1286 2032 1395 2117 φανεὶς

295 2132 328 2210 ἔξ
347 2133 470 2215 ἑτοίμου
486 2130 524 2196 od
544 2128 644 2220 φόβον
656 2130 789 2218 ἤγγελλε.
842 2131 899 2198 κάν
918 2158 979 2199 που
994 2136 1045 2198 καὶ
1061 2128 1302 2219 παρεσκευάζετο
1318 2157 1394 2220 συγ·

189 2238 211 2291 l’
230 2236 281 2293 156
296 2235 431 2301 κατιέναι
445 2234 522 2321 πρὸς
533 2234 606 2311 τοδς
618 2233 752 2319 δχθροδς
773 2236 823 2299 dni
837 2241 881 2325 τῷ
893 2242 1009 2317 μαθεῖν
1023 2232 1131 2306 δπόσοι
1143 2237 1195 2301 καί
1207 2232 1292 2312 ὅπως
1307 2235 1391 2316 ἴοιεν,

294 2338 324 2403 αἱ
346 2341 414 2425 περὶ
436 2338 548 2403 ίκεΐνον
571 2336 624 2402 διὰ
647 2336 684 2402 τδ
707 2338 841 2423 μέγεθος
862 2343 919 2404 τοῦ
941 2336 1084 2405 κινδόνου
1098 2348 1256 2422 κατεῖχον,
1284 2335 1326 2415 ὥς
1340 2338 1390 2402 lui

291 2436 387 2525 μόνον
403 2436 480 2529 δρᾶν
494 2439 530 2508 ri
546 2436 712 2521 σιόζεσθαι.
762 2437 853 2525 μόλις
876 2448 951 2528 γοῦν
973 2444 1039 2523 νυξὶ
1061 2444 1112 2509 καί
1133 2442 1294 2530 παροδίαις
1307 2451 1434 2528 deq-2⁰

360 2622 386 2676 4.
404 2619 461 2694 epi]
479 2617 511 2675 ed
530 2621 561 2674 Ρ.

291 2759 403 2813 bebente
419 2758 482 2829 quid
498 2759 590 2824 eeeiie,
624 2759 668 2813 uid
685 2759 736 2831 ipei
752 2761 914 2832 contingeret
929 2760 1046 2832 principi.
1079 2762 1106 2816 in
1126 2779 1177 2833 quo
1200 2765 1259 2815 eret
1282 2761 1348 2814 mire
1362 2765 1391 2813 et

290 2829 385 2884 mirere
400 2829 513 2883 rerietee
529 2777 658 2883 incondite
673 2847 876 2900 quoquovereurn
892 2832 1036 2896 ruentium,
1059 2849 1117 2885 eom
1141 2832 1204 2884 elioe
1225 2829 1337 2900 prudent
1353 2831 1391 2882 ti·

291 2915 363 2964 mor,
387 2897 450 2951 elion
478 2899 571 2970 punice
597 2901 783 2967 consternatio,
806 2902 872 2953 elioe
894 2919 981 2954 rumor
1005 2901 1101 2967 leleue,
1124 2900 1262 2971 quendam,
1285 2901 1390 2968 ignaros

291 2967 387 3038 alioqui
404 2967 465 3038 quid
483 2975 622 3037 egeretur,
638 2968 694 3038 ipee
710 2971 833 3022 tumultun
846 2971 924 3022 anxie
949 2970 1213 3038 circumapeotentium
1238 2977 1267 3022 et
1283 2985 1390 3022 euran-

291 3037 353 3089 tium
370 3037 522 3106 contagione
544 3035 723 3108 inquietudinis
745 3039 857 3107 quedem
879 3039 1011 3108 ebriperet
1031 3057 1082 3109 quo
1107 3038 1206 3092 salvum
1227 3057 1259 3091 ee
1280 3039 1390 3108 quisque

289 3106 415 3175 eperebet
429 3108 506 3173 lore,
530 3107 580 3161 boe
603 3107 653 3160 iem
670 3107 775 3160 effueiue
792 3112 820 3159 et
838 3108 993 3161 verecundie
1008 3108 1111 3173 minori,
1133 3109 1203 3178 qnod
1219 3125 1268 3160 nec
1287 3108 1309 3158 ei
1325 3105 1389 3175 quid

290 3174 407 3243 quiquam
424 3177 568 3243 praesentis
584 3178 617 3230 ed
634 3177 804 3230 reeietendum
818 3184 890 3229 earet
907 3177 997 3243 enini,
1021 3177 1131 3230 fecultee
1149 3176 1206 3229 eius
1228 3176 1268 3230 rei
1285 3175 1389 3228 edeeeet

290 3242 359 3306 ulle,
376 3243 464 3311 utique
480 3245 537 3313 ipso
555 3246 662 3298 duetore
678 3244 793 3297 novitate
814 3245 874 3296 meli
900 3246 981 3299 eubiti
997 3247 1132 3316 perenlee,
1155 3263 1228 3316 apem
1244 3245 1327 3316 pelem
1344 3253 1389 3296 re-

289 3311 418 3380 pugnandi
435 3311 570 3366 damnante
587 3330 697 3376 emnem,
723 3319 751 3365 et
773 3313 837 3366 nibil
853 3315 921 3368 eliud
937 3332 1013 3386 quem
1029 3318 1115 3383 fugem
1132 3322 1161 3366 et
1177 3316 1292 3367 lntebree
1306 3329 1390 3383 qnae·

289 3387 371 3432 rente.
405 3379 448 3430 bin
465 3397 526 3449 ergo
544 3399 600 3435 cum
616 3384 714 3452 paucie,
731 3399 796 3451 quoe
812 3383 925 3438 bebebnt
940 3400 1027 3437 netum
1042 3385 1156 3454 reliquee
1172 3401 1205 3436 ex
1221 3383 1328 3437 maxime
1347 3383 1389 3434 ln-

286 3447 357 3502 tiurie
380 3464 413 3501 ao
428 3447 571 3514 fidieeimie,
598 3467 716 3521 proteum
737 3461 893 3516 retrorsum,
914 3454 991 3506 laeve
1006 3454 1114 3519 dextre,
1130 3455 1157 3506 in
1174 3463 1273 3525 pentem
1289 3467 1388 3504 omnen

287 3533 316 3570 ee
333 3515 523 3586 circumagebat
538 3519 693 3572 vitabundus
710 3523 738 3572 et
753 3519 902 3587 incurrens,
926 3522 986 3575 binc
1005 3525 1124 3594 repuieue
1139 3529 1240 3576 terrore
1254 3520 1388 3588 compecti

286 3586 361 3652 meli,
379 3587 451 3656 peiue
468 3585 521 3640 illie
543 3605 595 3658 quo
618 3589 752 3657 refugerat
772 3591 920 3659 reperiens,
946 3600 1001 3644 turn
1018 3610 1035 3645 e
1056 3592 1175 3662 quaerite
1190 3589 1250 3644 alibi
1265 3588 1387 3656 perfugio

285 3654 373 3724 epeoie
390 3655 505 3710 tetriorie
522 3656 583 3710 inde
599 3673 628 3710 ee
644 3657 797 3712 oetentnntie
815 3659 890 3713 exitii
907 3661 1041 3727 exelnene,
1066 3661 1157 3718 enxiue
1178 3673 1278 3727 nemper
1294 3662 1322 3708 et
1337 3673 1387 3709 ee-

285 3729 390 3789 ntuene,
417 3726 599 3795 perturbatae,
622 3733 652 3780 ut
674 3727 721 3790 lit,
745 3729 824 3781 menti
840 3746 929 3783 errore
944 3731 1074 3785 ooulornm
1090 3729 1247 3783 formidinem
1263 3725 1386 3793 addente,

284 3810 317 3846 ee
334 3793 394 3862 iuge
410 3795 531 3848 mentium
548 3795 650 3865 elinque
666 3796 749 3850 obiter
766 3799 916 3867 apparentia
933 3799 959 3852 in
976 3799 1062 3853 hester
1079 3806 1189 3852 armato·
1204 3796 1387 3865 irruentesque

285 3863 453 3918 deformante.
487 3865 675 3934 ingeminabant
691 3864 799 3918 eubinde
813 3868 941 3922 mieeriem
958 3868 1117 3939 deeperentie
1130 3867 1181 3919 iem
1198 3865 1321 3935 principie
1338 3865 1386 3918 ob-

204 3965 209 3977 .
284 3931 381 3986 riorum
408 3933 576 4004 undecunque
599 3940 700 3989 atrneee
722 3935 816 4000 nuntii,
839 3955 902 3990 vera
924 3937 1004 3991 dubie
1027 3939 1104 4000 licta,
1128 3934 1277 3988 trietieeim
1300 3935 1385 3989 omnia

284 3996 460 4073 horrendeque
483 4003 658 4058 referentium.
692 4003 719 4056 id
741 4020 821 4087 eaepe
843 4006 948 4060 eomitee
973 4007 1075 4077 experri
1089 4005 1277 4058 eubmorebent
1292 4002 1385 4056 deinde

284 4069 434 4136 venientee,
452 4089 500 4126 nee
517 4071 594 4126 alieri
618 4072 757 4142 principem
774 4075 911 4141 eruebant,
934 4076 1002 4128 unde
1017 4075 1094 4128 etiem
1109 4073 1209 4126 utilium
1224 4072 1323 4125 indieee
1337 4071 1384 4142 qni

283 4134 317 4189 de
333 4138 448 4194 boetibur
464 4159 515 4224 quo
533 4143 588 4195 loeo
605 4148 693 4196 eeaent
708 4145 735 4194 et
758 4142 820 4212 quid
841 4149 965 4213 egerent,
988 4142 1135 4196 neeeeeerin
1151 4143 1220 4196 eeitu
1236 4141 1385 4212 enggeetori

283 4203 452 4273 advolarent,
475 4211 606 4265 mauditee
630 4211 721 4282 repelli
737 4213 920 4281 contingebet,
943 4212 1113 4283 imprudentia
1128 4213 1185 4266 eine
1200 4211 1280 4266 dubio
1296 4210 1385 4265 exclu-

284 4271 396 4329 dentium
420 4294 524 4348 magner
548 4280 595 4334 eed
617 4299 664 4336 ena
690 4297 734 4334 eor
758 4291 945 4338 excaeeeverat
968 4282 1159 4350 coneternetio,
1184 4281 1274 4348 nimlo,
1298 4288 1327 4334 ut
1342 4277 1384 4343 lit,
