3125 4900
550 38 630 111 nr.
643 39 687 111 n.
725 17 879 113 norm
1191 44 1264 121 651

249 222 286 284 p·
302 202 365 271 259
378 225 408 267 v.
421 210 451 273 7.
493 222 556 268 vox
577 203 757 273 &deterere
775 204 929 271 madata
945 224 965 267 e
980 223 1031 268 ras
1046 213 1095 269 est
1108 226 1149 271 ex
1161 209 1266 273 conis·
1280 214 1304 271 Ρ
1318 214 1371 273 4⁵6

134 296 272 366 ctura,
301 294 370 349 cuin
385 290 452 351 cod.
467 288 626 351 Bhebcret
640 291 824 376 ἐγκλείοντο,
846 293 874 351 Δ
896 310 968 353 vero
983 290 1185 373 ieeuvcem,
1204 296 1266 359 Vs-

134 371 292 433 ticanus
307 393 399 454 porro
413 376 551 447 libertate
564 377 652 437 solite
665 397 723 457 pro
738 398 772 439 ec
786 375 878 439 verbo
893 385 1022 457 poneret
1033 370 1265 461 ἀποστήσονται.

138 458 320 517 sententia
333 479 405 521 vero
416 460 478 522 ioci
489 460 644 523 manifeste
657 462 792 543 postulet
807 460 997 527 becumene.

250 564 286 623 p.
302 548 406 611 261v.
423 548 455 611 4.
497 548 673 626 imperatori
689 547 789 606 tribui
798 549 970 626 principun
992 546 1093 605 locum
1109 550 1266 630 incogni-

105 656 107 673 ·
139 628 247 686 tione
273 650 381 688 reruni
397 631 677 693 eccleciaeticarum.
722 631 784 693 iem
810 631 916 695 monui
941 632 974 691 in
995 631 1149 693 Glossario
1171 635 1265 695 verbo

141 710 431 797 ἐπιστημονάρχης
449 717 648 796 cognitionem
663 716 751 777 istem
770 717 845 777 meri
859 719 922 779 fers
937 715 1118 792 testimonii,
1136 738 1200 778 non
1212 720 1267 780 iu·

107 818 108 829 ¹
141 796 358 859 risdicticnis
379 808 430 861 eut
443 801 589 862 decisivsa
609 800 767 883 potestatis
787 820 861 863 esse.
901 800 945 861 sic
962 800 1044 861 enim
1055 802 1267 867 Constantinus

106 927 109 935 ·
145 882 299 961 Magnus
314 885 473 965 Nicsenaa,
494 886 664 949 Marcianus
680 886 934 961 chalcedonensi,
954 886 1008 945 elii
1023 884 1091 945 eliis
1101 886 1267 967 imperetc-

107 988 109 992 ’
148 986 211 1028 res
228 968 360 1047 synodis
369 970 614 1051 intervenerunt,
636 971 732 1033 missis
750 973 856 1050 etiem,
876 991 947 1033 cum
969 970 1111 1031 interesse
1131 972 1191 1052 ipsi
1202 992 1267 1033 nou

107 1074 110 1109 t
149 1062 330 1133 poterant,
351 1052 492 1135 delegatis
507 1078 524 1115 s
537 1078 587 1136 se;
607 1056 690 1137 qnod
701 1059 735 1117 in
747 1056 963 1119 recentioribus
983 1075 1103 1135 quoque
1117 1056 1265 1135 conciliis,

108 1162 111 1195 1
152 1145 242 1218 puta
259 1138 455 1219 Tridentino,
476 1152 627 1203 emratnm
640 1142 767 1221 scimus,
788 1141 923 1202 utinen
940 1140 1045 1219 legetis
1063 1142 1264 1221 imperatoris,
1306 1175 1325 1184 ·«

153 1241 276 1301 regum
301 1244 336 1283 ac
357 1235 541 1287 caeterorum
560 1227 732 1308 principum
753 1226 950 1289 mecuiarium
969 1225 1056 1285 locus
1068 1226 1264 1305 tribueretur,

155 1326 231 1367 mon
249 1328 322 1369 cum
335 1308 401 1371 iure
414 1311 531 1371 serendi
548 1312 587 1372 ed
607 1312 785 1373 decisionem
800 1312 972 1391 dogmatum
991 1309 1141 1390 suffragii,
1161 1312 1214 1371 sed
1227 1320 1265 1373 ut

112 1438 114 1452 .
156 1399 260 1454 testes
282 1404 380 1455 essent
400 1406 537 1457 actorum
552 1396 702 1477 primique
722 1406 936 1475 cognoscerent
956 1395 1105 1474 vulgando
1125 1406 1264 1476 postmo-

160 1476 244 1537 dum
262 1478 299 1538 in
311 1481 463 1563 populos,
490 1480 669 1561 interimque
689 1483 867 1543 suctcritate
883 1502 920 1542 sc
937 1488 1086 1561 potestate
1098 1479 1264 1562 principeli

113 1596 115 1607 v
160 1561 340 1625 libertatem
367 1566 556 1627 securitatem
586 1568 681 1627 otium
703 1565 932 1627 decernentibus
958 1564 1095 1647 patribus
1120 1565 1264 1631 nocent.

115 1709 116 1715 χ
163 1646 215 1708 sic
227 1647 261 1707 in
274 1648 435 1711 collatione
449 1650 688 1731 Carthaginensi,
709 1652 760 1712 nbi
778 1672 866 1713 censa
883 1649 1104 1711 Donatistarum
1113 1651 1264 1712 mouba-

114 1766 120 1803 ς
165 1741 238 1809 tur,
261 1754 333 1792 cum
345 1738 491 1816 epiaccpia
507 1738 662 1817 ingressae
682 1747 725 1795 eet
745 1733 847 1818 (verbe
864 1745 937 1795 sunt
949 1734 1095 1815 epitomae
1111 1735 1264 1796 Batonis-

170 1836 231 1877 nae
249 1820 403 1899 Spondeni
422 1840 490 1884 ann.
514 1820 575 1887 411
591 1842 622 1883 n.
635 1816 680 1905 4)
709 1825 803 1880 etiam
821 1821 1023 1883 Marcellinue
1044 1823 1079 1880 irs
1099 1820 1200 1880 locum
1218 1816 1265 1879 nd

167 1902 365 1964 collationem
370 1916 536 1986 pmtum3
558 1906 613 1987 qui
632 1903 754 1987 quidem
764 1927 825 1967 non
839 1906 941 1965 achim
960 1906 1104 1965 tribunus
1116 1907 1265 1967 militaria

103 2053 106 2065 Ι
169 1998 257 2066 erat,
279 1988 335 2047 aed
343 2001 371 2049 et
383 1994 541 2069 notariae,
561 1990 619 2049 noe
636 2002 683 2051 eet
696 2012 718 2051 a
733 1992 854 2055 recretis
863 1992 1072 2071 imperatoris,
1092 2001 1129 2049 ut
1144 2001 1265 2051 conctat

171 2094 208 2131 er
235 2074 327 2132 titulo
352 2076 496 2155 epistolae
529 2072 746 2135 catholicorum
769 2075 816 2137 ad
841 2079 943 2157 iprum
970 2086 1041 2135 arete
1071 2075 1264 2136 collationem

171 2159 313 2237 scriptae.
355 2182 409 2219 nec
431 2171 532 2221 tamen
557 2162 592 2221 in
613 2160 672 2220 itta
685 2162 846 2223 collatione
866 2160 980 2221 indicia
992 2160 1188 2239 eimpliciter,
1208 2158 1264 2220 ced

172 2246 338 2321 cognitorie
357 2265 466 2305 nomen
482 2265 560 2327 prae
578 2266 610 2304 ae
632 2246 716 2311 tulit.
757 2249 805 2306 ita
829 2249 908 2306 enim
934 2247 1091 2305 nominare
1109 2246 1265 2305 coneuevit

172 2330 344 2407 antiquitas
360 2329 477 2391 iudicer
497 2332 680 2408 eaemslnree,
707 2352 837 2411 quorum
851 2331 979 2391 arbitrio
1000 2340 1109 2389 emota
1122 2329 1264 2410 dispone·

173 2424 288 2489 rentur,
311 2412 366 2474 aed
378 2418 425 2475 ita
440 2426 477 2476 ut
491 2418 643 2497 integrum
657 2414 806 2476 iudicium
821 2418 969 2496 episcopie
982 2416 1190 2496 relinquerent,
1210 2435 1265 2475 nec

174 2497 297 2578 aliquid
309 2503 370 2582 ipsi
386 2501 447 2560 ribi
456 2513 637 2581 usurparent
651 2503 712 2560 niei
724 2499 809 2580 quod
820 2499 865 2560 ad
871 2521 980 2579 pacem
993 2501 1178 2579 acquietum
1191 2519 1263 2558 con-

173 2605 313 2664 greeeum
321 2590 503 2666 pertineret,
524 2597 618 2666 utque
632 2588 666 2645 in
682 2585 822 2644 omnibue
833 2596 929 2664 pacta
944 2594 1089 2643 conventa
1102 2603 1262 2643 conserva·

174 2681 292 2746 rentum·
314 2673 347 2730 in
366 2671 477 2752 quidne
496 2671 554 2729 rite
571 2667 752 2730 ordinandis
775 2667 871 2728 eidem
890 2663 1110 2746 interloquendi
1118 2667 1263 2747 suendae

174 2766 264 2830 erret,
288 2766 379 2836 atque
392 2753 514 2816 demum
527 2757 619 2815 cuiue
631 2755 811 2814 alterutrius
818 2757 923 2835 partia
930 2755 1056 2833 potiora
1066 2753 1139 2810 iura
1154 2763 1260 2830 errent,

177 2859 214 2898 er
228 2860 318 2920 aequo
331 2844 535 2921 pronuntiare
548 2839 689 2901 deberent.
732 2850 768 2899 ut
784 2836 821 2899 de
833 2839 885 2898 leis
898 2837 1037 2898 cmnibue
1056 2847 1174 2896 conetat
1187 2857 1260 2896 cum

174 2943 211 2982 er
224 2927 297 3004 ipris
308 2928 388 2985 artie
394 2928 564 3006 praesentio
580 2925 767 3002 collationis,
789 2935 855 2984 turn
867 2945 902 2983 er
910 2924 985 2983 aliie
998 2921 1188 2982 diversarum
1200 2943 1260 3001 ey·-

174 3007 336 3087 nodorum,
365 3031 404 3070 ac
414 3013 598 3091 praesertim
617 3012 883 3073 Oecumnsicorum
900 3011 1004 3089 gestia.
1050 3007 1094 3066 ita
1111 3007 1259 3068 Batonius

176 3096 255 3173 spnd
268 3115 354 3155 suurn
369 3096 600 3176 epitomatorem.
642 3115 681 3157 ex
701 3095 807 3175 quibus
825 3095 920 3156 cuivie
933 3113 996 3155 esse
1008 3093 1132 3174 plenum
1146 3092 1260 3174 poterit

176 3189 315 3258 quatenus
328 3201 360 3240 se
376 3181 517 3241 extendat
531 3181 605 3242 haec
622 3178 885 3262 intemperantias,
905 3179 1046 3259 princeps
1063 3178 1196 3257 cognitio
1206 3197 1258 3238 re-

174 3283 241 3325 rum
262 3265 523 3326 ecclesiasticarum
549 3265 634 3326 laicis
652 3264 840 3346 principibus
857 3283 995 3325 concesse
1017 3271 1258 3347 percanonea‘et

175 3349 324 3429 antiquum
335 3369 441 3428 usum,
465 3350 503 3412 de
515 3371 574 3430 qus
590 3349 642 3412 hio
656 3351 778 3413 mentio.

256 3455 285 3514 P·
296 3439 359 3502 272
370 3455 400 3497 v.
415 3437 465 3500 18.
506 3439 558 3494 cui
575 3439 722 3515 enipeum
734 3455 831 3494 manu
842 3435 973 3516 propria
983 3432 1193 3494 Athonaaium
1205 3435 1257 3490 in-

176 3520 339 3596 eeripeerot.
373 3519 551 3580 Athanasius
565 3541 673 3581 nomen
687 3529 751 3580 eret
764 3520 847 3599 qnod
857 3519 1047 3580 Andronicus
1059 3518 1117 3579 iste
1129 3515 1259 3577 Sardan-

177 3601 216 3663 sis
229 3603 379 3682 episcopus
393 3615 608 3685 assumpserat,
629 3625 697 3666 cum
712 3605 849 3664 sbdicato
871 3604 1045 3686 episcopatu
1060 3601 1257 3662 monasticum

176 3686 302 3746 habitum
317 3688 472 3761 indueret,
498 3699 590 3769 prout
604 3689 740 3771 superins
753 3700 905 3751 narratum
918 3699 963 3750 est
976 3710 1004 3750 c.
1018 3689 1087 3756 181.
1100 3691 1130 3752 2
1163 3706 1256 3768 porro

177 3773 203 3831 is
224 3783 387 3852 speraverat
408 3775 474 3834 fieri
493 3793 581 3854 posse
604 3783 641 3834 ut
665 3795 734 3835 snae
753 3775 839 3835 istius
862 3773 1041 3835 monasticae
1064 3769 1258 3852 professionis

178 3856 281 3918 abolita
296 3861 434 3920 memorie
448 3859 480 3918 in
495 3867 632 3937 coetum,
653 3869 689 3922 ut
702 3859 797 3940 prius,
817 3861 1025 3940 episcopcrum
1037 3855 1258 3916 admitteretur:

179 3961 231 4002 nec
247 3943 320 4003 anim
334 3954 399 4004 erat
412 3943 498 4007 sicile
512 3963 575 4006 rem
588 3944 645 4005 snb
663 3943 766 4025 paucis
783 3953 879 4005 actam
892 3943 1017 4006 testibus
1029 3941 1167 4022 probare.
1200 3960 1257 4002 ve-

179 4047 240 4088 rum
254 4030 507 4113 proleteepietois
522 4047 610 4110 quem
626 4029 722 4112 ipsius
738 4049 802 4090 esee
824 4038 895 4091 nota
908 4049 1015 4090 menne
1026 4026 1183 4109 proderet,
1203 4044 1260 4088 cu-
