3125 4900
463 928 699 1004 raraus
750 923 1051 1004 rossrrtos

347 1115 394 1216 L
475 1111 516 1216 ll
603 1109 643 1217 Ο
730 1109 780 1215 T
864 1111 913 1218 Ο
999 1113 1046 1216 R
1130 1115 1167 1220 l.

661 1377 867 1392 W

209 1539 326 1674 Quod
346 1612 425 1653 nnnc
452 1587 587 1676 primum
614 1583 798 1652 eGraeciae
824 1589 986 1674 naufragiis
1013 1589 1138 1672 emergit
1159 1585 1306 1674 Georgius

208 1697 431 1776 l’acbymeres,
460 1687 621 1752 historicus
648 1712 710 1753 nun
731 1693 831 1756 minus
853 1695 964 1780 alioqui
985 1695 1050 1758 luce
1073 1695 1180 1776 dignus
1201 1695 1306 1757 Latina

208 1819 305 1885 qnam
327 1796 414 1860 multi
437 1795 501 1855 uitus
522 1792 662 1876 aequales
682 1813 717 1855 ae
737 1796 849 1879 posteri
870 1797 1068 1884 iampridem
1091 1799 1169 1882 typis
1190 1808 1220 1860 et
1239 1797 1307 1860 lite-

71 1909 75 1914 '
209 1902 255 1964 ris
283 1897 414 1980 evulgati
441 1895 635 1971 nostratibus,
667 1914 731 1956 non
758 1898 824 1958 sola
858 1897 1015 1964 infelicitas
1041 1897 1096 1964 sed
1122 1901 1209 1986 culpa
1244 1901 1309 1963 eius

217 1999 373 2087 quaedam
397 1999 477 2059 iecit.
516 2007 641 2058 retrusus
669 2007 700 2058 et
728 1998 909 2082 antiquarius
938 2003 1076 2088 scriptor,
1108 2023 1198 2086 quern
1226 2001 1310 2086 loqui

216 2123 291 2165 curn
313 2101 405 2180 vulgo
426 2095 585 2182 quidquam
604 2097 698 2182 piget,
717 2103 1041 2184 praetcreaperplexus
1062 2113 1092 2161 et
1111 2101 1221 2163 hiantis
1242 2123 1314 2163 sen-

210 2203 325 2266 tentiae
347 2199 546 2290 compositor,
567 2209 612 2260 tot
632 2199 763 2262 tenebris
785 2219 856 2262 suas
875 2199 992 2281 vigilias
1014 2199 1171 2279 obvolvit,
1191 2209 1223 2262 ut
1244 2222 1312 2263 eru-

212 2305 453 2382 ditissimorum,
474 2301 582 2386 quibus
601 2299 747 2376 innotuit,
768 2299 962 2388 interpretum
983 2321 1000 2363 a
1020 2301 1068 2364 sui
1090 2299 1223 2365 editione
1243 2313 1314 2364 ten·

210 2407 306 2472 tanda
335 2427 419 2470 curas
449 2415 634 2489 conatusque
661 2399 852 2487 deterruerit3
880 2403 963 2469 idern
983 2425 1088 2492 pessus
1110 2402 1191 2491 quod
1212 2405 1311 2493 sepias

210 2511 298 2573 aiunt
318 2520 407 2593 atque
426 2506 620 2595 torpedines,
641 2504 692 2589 qui
712 2506 812 2591 pisces
840 2506 922 2592 quod
947 2509 1040 2571 rarius
1060 2528 1231 2570 mensarum
1252 2510 1312 2569 ho-

210 2632 290 2673 nore
311 2608 483 2690 dignentur,
505 2607 624 2687 caligini
645 2628 736 2693 quam
757 2608 930 2689 offundunt,
950 2609 1065 2697 torpori
1086 2630 1176 2695 quern
1198 2608 1311 2689 aillant,

211 2713 378 2799 imputent,
397 2712 449 2773 illa
469 2708 584 2789 oculos,
604 2708 665 2771 boc
685 2732 793 2775 manus
814 2722 844 2774 et
864 2712 986 2775 brachia
1007 2713 1185 2799 piscantium
1205 2732 1223 2774 a
1243 2710 1311 2775 nisu

214 2836 270 2879 eos
290 2837 309 2879 e
330 2814 433 2880 nativo
454 2816 570 2897 gurgite
590 2814 718 2878 tollendi
737 2816 817 2878 soliti
837 2813 989 2901 repellere.

296 2968 339 3037 Π.
359 2968 432 3033 Erat
441 2982 544 3034 tamen
563 2968 647 3033 haud
668 2966 795 3032 dubium
815 2990 924 3055 operae
941 2968 1072 3055 pretium
1085 2966 1192 3031 ineius
1207 2966 1309 3053 publi-

217 3071 334 3135 catione
357 3072 520 3151 historiae,
543 3094 621 3157 quae
643 3092 692 3135 rea
711 3088 893 3151 magnoaco
913 3070 1125 3133 memorabiles
1146 3092 1200 3155 per
1212 3090 1309 3133 annos

213 3176 285 3236 fere
302 3174 450 3255 octoginta
469 3174 582 3237 aemuli
596 3172 716 3237 obscuri
728 3193 764 3235 ac
777 3172 900 3237 testium
912 3172 1011 3259 inopis
1025 3183 1143 3253 gestas,
1163 3170 1190 3235 si
1207 3171 1310 3235 minue

214 3296 340 3361 semper
359 3275 483 3353 disertm
503 3275 610 3340 saltem
629 3272 770 3360 prudenti
790 3272 924 3354 diligenti
942 3286 1059 3339 morata
1085 3285 1116 3339 et
1135 3276 1312 3359 plerumque

214 3377 299 3439 fideli
326 3376 496 3440 narratione
523 3387 741 3462 prosequatur3
775 3396 854 3461 quae
885 3390 1055 3463 postremae
1089 3374 1174 3461 quasi
1201 3394 1311 3437 scenae

215 3476 380 3545 Orientalis
407 3478 526 3562 imperii
551 3481 609 3542 sub
637 3477 732 3541 domo
752 3477 934 3561 Palaeologa
953 3482 995 3543 ita
1015 3478 1158 3567 principia
1180 3476 1314 3551 exhibet,

214 3592 249 3643 nt
268 3581 302 3643 in
321 3580 360 3644 iis
383 3601 489 3643 uacuas
507 3581 636 3661 tragim
656 3584 875 3666 catastrophes,
902 3601 960 3665 qua
988 3578 1095 3645 Tuscis
1115 3592 1146 3643 et
1166 3576 1315 3641 Muhanr-

214 3681 303 3745 medi
333 3681 520 3747 Constantini
546 3681 628 3761 regia
654 3684 837 3762 succubuit,
873 3682 1027 3748 advertere
1055 3680 1187 3769 prudens
1221 3680 1316 3743 lector

214 3783 393 3847 manifestas
421 3794 528 3871 queat5
557 3804 634 3867 quae
659 3784 787 3871 plurima
815 3782 905 3849 docet
931 3804 1079 3869 nusquam
1105 3780 1177 3845 alibi
1196 3790 1318 3861 notatae

215 3906 296 3971 qnae
316 3905 335 3948 a
355 3880 463 3947 Niceta
491 3896 522 3947 et
540 3884 710 3971 Acropolita
736 3883 776 3949 ad
798 3885 1056 3966 Cantacuzenuna,
1084 3884 1201 3947 hiatum
1221 3902 1318 3967 quen-

216 3982 292 4049 dam
312 3988 437 4070 enplens
457 3988 595 4073 publicae
612 3988 795 4068 memoriae,
829 3988 912 4053 viam
940 3990 1025 4075 quasi
1044 3984 1158 4067 regiam
1177 3982 1315 4049 insternit

216 4088 295 4150 albis
321 4088 407 4151 velut
432 4086 583 4173 quadrigis
601 4090 762 4155 historicse
780 4090 929 4171 veritatis,
957 4111 1016 4175 qua
1036 4098 1136 4153 auena
1156 4107 1251 4172 usqua
1271 4080 1312 4147 ad

214 4198 355 4274 tempora
380 4192 520 4277 nuspiam
538 4192 682 4257 haerente
701 4203 753 4255 aut
772 4194 899 4277 abrupta
925 4189 1069 4277 triumphi
1089 4208 1200 4277 pompa
1223 4185 1313 4249 inva-

213 4290 324 4374 batur3
344 4314 422 4379 quae
442 4292 573 4381 denique
598 4294 756 4377 negotium
785 4294 885 4357 omnis
905 4292 975 4361 aeri
993 4293 1162 4363 maxitnum
1182 4300 1213 4353 et
1232 4288 1313 4351 cela-
