3125 4900
328 329 387 394 DE
411 319 621 394 tutulum
646 327 930 398 PALAEOLOGO
954 331 991 396 L.
1013 331 1055 398 V.
1171 333 1246 406 403

148 498 364 568 ἀνατεθέντων
381 497 413 563 δ’
430 499 478 563 ἐπὶ
493 504 538 586 τῷ
550 504 745 580 βασιλεῖτῶν
759 497 838 564 κατδ
851 499 909 577 τάς
924 495 1069 585 ψήφους,
1097 497 1114 567 ri
1132 501 1247 579 Βέκκος

150 605 288 671 ἐδέδικτο
310 598 474 687 ἇξιάτερος
493 599 533 666 τά
554 625 587 666 τε
609 601 690 667 ἄλλα
710 605 761 667 καλ
781 599 828 668 ὅτι
842 599 943 686 λόγιος
958 600 974 670 δ
991 603 1069 690 άνῆρ
1084 609 1135 670 καί
1149 633 1247 674 κατα-

148 709 283 773 στίλλειν
304 705 363 789 ἕχει
385 705 422 770 sd
447 705 562 787 σχίσμα
580 710 620 792 τῇ
635 705 684 769 ἐπὶ
699 711 755 786 τῆς
774 707 935 790 ἐκκλησίας
954 711 1145 800 πολυχρονίῳ
1157 713 1247 804 πείρηι

149 813 199 876 καί
218 805 382 894 λογιότητι.
434 805 510 872 ὅθεν
526 809 576 870 καί
590 809 799 904 συναχθέντες
817 808 847 873 oi
869 807 1016 895 ἀρχιερεῖς
1030 813 1061 876 ἐν
1077 811 1182 902 ταύτῷ
1197 817 1246 880 ἐπί

124 919 205 980 5τοῦ
229 913 319 978 θείου
339 913 390 976 καί
410 907 545 996 μεγάλου
566 911 711 994 τεμίνους
732 911 785 976 ἵνα
807 913 858 977 καί
874 911 928 978 τὸν
946 912 1041 978 αὐτὸν
1056 917 1107 980 καί
1123 923 1247 1002 πρῶτον
1302 971 1307 980 .

149 1019 201 1082 καί
226 1012 369 1095 δεύτερον
389 1014 579 1098 ψηφίζονταί
598 1039 632 1079 τε
654 1017 705 1078 καί
728 1015 842 1102 τρίτον.
895 1017 945 1080 κιιλ
965 1011 1112 1094 ὅΒέκκος
1128 1021 1250 1108 είκοστῇ

148 1120 206 1201 μίν
230 1119 280 1181 καί
306 1117 378 1202 lurp
395 1119 622 1197 Πυανεψιῶνος
639 1116 736 1200 μηνδς
756 1116 836 1182 acroi
858 1117 915 1200 τὴν
937 1115 1047 1204 ἑορτὴν
1066 1126 1130 1186 τῶν
1149 1119 1243 1206 άγίων
1258 1137 1284 1191 ll

148 1220 290 1304 πατέρων
311 1226 374 1286 τῶν
394 1219 425 1283 ἐν
446 1221 564 1310 Νικαίρ
585 1216 778 1306 πατριάρχης
802 1221 1027 1306 προβέβληται,
1063 1225 1191 1317 δευτέρρ
1214 1227 1249 1292 δέ

148 1327 450 1408 Μαιμακτηριῶνος,
473 1328 513 1408 τῇ
536 1320 664 1410 ἐπιοάση
685 1329 815 1409 κυριακῇ
822 1371 832 1404 ,
861 1326 893 1388 ἐν
915 1319 1054 1414 ἐπισήμῳ
1075 1321 1175 1418 ἢμέρρ
1190 1334 1247 1394 τοῦ

106 1443 142 1495 10
150 1423 326 1508 πνεύματος
332 1473 342 1506 ,
370 1424 411 1488 τὰ
431 1431 487 1490 τοῦ
509 1421 682 1506 πνεάματος
702 1423 820 1507 δίχεται
833 1429 883 1492 καί
897 1433 1063 1494 τελειοῦται
1079 1427 1245 1516 άρχιερεάς.

151 1527 286 1612 ὃμίντοι
303 1553 337 1613 γε
349 1527 496 1610 βασιλεῦς
511 1527 564 1592 ἐπ’
579 1531 680 1617 ἐκείνῳ
699 1529 810 1615 μικρὸν
834 1525 990 1612 σχολάσας
1011 1530 1065 1597 cdv
1086 1539 1178 1616 νοῦν,
1206 1531 1250 1610 ὦς

149 1632 188 1699 ίίν
201 1658 235 1717 γε
250 1631 422 1717 κατασταίη
438 1631 516 1716 πρὸς
527 1631 582 1714 τὴν
596 1632 803 1714 πνευματικὴν
819 1634 933 1716 ἐκείνην
946 1629 1044 1718 άρχήν
1051 1683 1062 1714 ,
1088 1633 1125 1700 sd
1141 1637 1249 1703 λοιπὸν
1266 1651 1287 1707 P
1303 1655 1353 1708 274

149 1744 310 1818 κοσμικαῖς
330 1735 433 1798 ἐδίδου
454 1737 634 1820 φροντίσιν,
666 1734 753 1810 εέδιδς
776 1735 880 1802 ἱκανὸν
902 1737 1013 1802 ἐκεῖνον
1036 1733 1112 1802 ὄντα
1131 1737 1171 1804 τὸ
1193 1746 1250 1824 τῆς

149 1839 311 1921 ἐκκλησίας
334 1831 452 1901 liriorta
480 1836 551 1919 μετ’
577 1833 752 1920 αὐτάρκους
779 1839 886 1920 πείρας
906 1841 956 1903 καλ
978 1845 1034 1922 τῆς
1053 1841 1121 1925 περὶ
1148 1849 1248 1908 ταῦτα

107 1957 142 2010 15
150 1937 338 2024 παμπόλλης
361 1939 520 2014 συνίσεισς.
572 1950 695 2026 παρεῖχε
717 1939 754 2005 δέ
770 1940 800 2005 oi
822 1941 943 2024 i'roqroe
965 1938 1076 2007 ἐαυτὸν
1089 1941 1249 2027 συλλήψε-

150 2051 231 2110 σθαι
256 2043 287 2118 ἐς
308 2041 325 2107 t'
344 2067 374 2107 τι
395 2045 446 2106 καί
469 2042 586 2122 δίοιτο,
622 2045 749 2123 ἐλπίζων
777 2042 856 2128 παρ’
882 2045 995 2110 ἐκείνου
1019 2046 1071 2109 καλ
1094 2045 1188 2122 αὐτὸς
1208 2047 1248 2114 τὰ

151 2145 246 2228 ὅμοια
265 2141 398 2228 πάσχειν.
449 2145 552 2210 ἐδίδου
574 2146 612 2210 δέ
630 2147 659 2211 oi
682 2148 733 2210 καί
752 2147 927 2232 παρρησίας
938 2143 1045 2232 χώραν
1060 2146 1249 2233 ἐντυγχάνειν

150 2246 229 2337 δπέρ
252 2244 485 2334 diripuissent&
507 2246 682 2336 πράττοντα,
708 2249 762 2314 καί
783 2273 816 2334 γε
836 2245 973 2330 άνάτειν,
1002 2245 1044 2326 ὥς
1060 2247 1095 2316 οδ
1111 2252 1196 2339 παρὰ
1212 2253 1247 2320 sd
1295 2271 1298 2276 ‘

123 2389 127 2396 ¹
219 2431 246 2485 e.
262 2427 417 2487 εαίιιωι

150 2583 263 2638 mationa
283 2583 352 2653 apud
373 2602 460 2639 omnes
482 2591 559 2640 esset.
594 2602 627 2638 ea
656 2584 836 2654 mifragiorum
860 2584 1006 2640 differentia
1029 2604 1085 2641 cum
1108 2588 1195 2643 delata
1217 2588 1251 2645 ad

150 2656 292 2721 Auguaturn
310 2662 379 2707 esset
395 2662 422 2708 et
438 2655 493 2708 eius
509 2654 633 2708 voluntati
649 2654 828 2722 compromisso
844 2656 984 2724 permissu,
1000 2655 1044 2708 ille
1062 2656 1127 2709 haud
1146 2664 1252 2711 cuncta-

150 2729 195 2775 tus
214 2722 324 2775 Veccum
341 2725 463 2793 praetulit
480 2742 535 2778 cum
553 2724 609 2777 aliis
627 2730 797 2791 praestantem
815 2722 917 2775 dotibus
934 2732 987 2775 turn
1005 2725 1114 2778 maxime
1126 2727 1251 2791 doctrina,

148 2800 280 2862 postremo
305 2794 373 2863 quod
393 2794 415 2844 is
432 2794 474 2846 rir
497 2802 550 2846 tam
566 2794 641 2860 longo
658 2808 706 2844 usu
722 2792 951 2844 ecclesiasticarum
968 2810 1069 2857 rerum,
1093 2802 1165 2845 tanta
1183 2796 1252 2847 lama

150 2861 296 2929 supientiae
319 2862 521 2930 auctoritateque
543 2862 675 2931 praeditus
699 2877 765 2913 uuus
784 2860 874 2929 utique
891 2860 998 2913 omnium
1016 2860 1164 2929 aptissimus
1181 2864 1253 2914 ride·

149 2936 227 2982 retur
251 2930 284 2981 ad
307 2931 518 2999 comprimendum
541 2930 666 2993 schisma,
691 2929 871 2998 negotiumque
893 2929 1043 2981 concordiae
1066 2940 1173 2982 eatenus
1191 2948 1254 2999 pro·

148 3008 246 3052 motum
264 2998 315 3051 fine
333 3006 423 3068 optato
441 3000 618 3053 coronandum.
654 3016 715 3067 ergo
732 2998 783 3050 rite
801 2998 949 3066 congregati
961 2998 1027 3067 apud
1040 2998 1158 3067 templum
1171 2999 1252 3051 maius

148 3068 282 3138 episcopi,
299 3068 507 3137 praerogativam
524 3069 686 3138 imperatoris
704 3076 856 3137 sequentes,
875 3084 966 3131 magno
979 3084 1104 3119 consensu
1116 3068 1252 3137 studioque

148 3137 243 3207 primis
268 3137 384 3190 secundis
405 3137 542 3207 tertiisque
563 3137 695 3206 suffragiis
720 3137 831 3189 vectem
854 3136 966 3187 eumdem
984 3153 1060 3187 uuurn
1081 3136 1252 3205 patriarcham

149 3206 324 3258 declararunt
360 3206 457 3258 Veccus
478 3206 558 3274 igitur
573 3213 646 3260 sexta
663 3214 690 3258 et
706 3206 829 3275 vigesima
851 3204 943 3258 mensis
960 3204 1039 3271 Maii,
1064 3206 1131 3259 sesto
1148 3215 1252 3259 σιτιστο-

148 3292 207 3328 rum
232 3274 413 3328 Nicaeensium
436 3283 554 3345 patrum,
582 3276 729 3343 patriarcha
754 3282 857 3327 creatus
879 3281 933 3327 est:
961 3280 1071 3327 secunda
1093 3293 1156 3329 vero
1174 3276 1252 3342 Iunii,
1273 3322 1279 3336 ,

149 3344 279 3397 dominica
295 3345 409 3412 proxime
434 3354 537 3409 secuta,
560 3343 653 3396 illustri
670 3344 713 3397 die
729 3344 836 3413 spiritus
853 3343 935 3395 sancti
951 3342 1057 3413 spiritus
1074 3344 1186 3397 eiusdem
1204 3362 1251 3415 per

149 3430 252 3466 sacram
268 3414 450 3465 ordinationem
468 3414 597 3483 particeps
613 3415 708 3478 iactus,
724 3414 775 3465 rite
792 3413 957 3481 inauguratus
973 3412 1000 3465 in
1017 3414 1189 3482 patriercham
1202 3420 1251 3467 est.

147 3482 293 3551 imperator
316 3483 365 3534 sub
387 3482 452 3534 haec
473 3482 547 3535 initia
569 3499 616 3550 per
638 3490 739 3551 tempus
761 3500 811 3534 non
828 3481 929 3547 longum
945 3481 1029 3535 studio
1048 3490 1076 3535 et
1091 3483 1252 3536 solicitudine

149 3552 303 3604 immoratus
329 3552 357 3603 in
382 3550 534 3604 stabiliendo
559 3550 605 3601 tali
627 3551 721 3604 homini
737 3551 788 3603 isto
806 3550 933 3620 spirituali
949 3551 1111 3620 principatu,
1136 3566 1252 3604 securam

150 3620 245 3673 deinde
260 3624 369 3673 mentem
385 3618 484 3689 imperii
501 3619 611 3688 negotiis
627 3620 755 3684 advertit,
778 3620 877 3673 solutus
902 3620 970 3673 omui
994 3629 1062 3673 metu
1082 3620 1114 3671 de
1134 3619 1252 3682 ecclesie,

148 3689 244 3756 ntique
267 3690 340 3741 cuius
364 3688 478 3756 regimen
502 3689 525 3740 ei
551 3690 749 3742 commendatum
770 3690 863 3756 sciret,
893 3689 938 3759 qui
955 3694 983 3741 et
999 3688 1170 3759 experientiae
1187 3686 1253 3741 satis

150 3764 181 3810 et
197 3756 348 3824 prudentiae
363 3758 497 3827 plurimum
516 3758 613 3809 bahem
631 3758 699 3810 nullo
723 3758 846 3811 deiiceret
867 3774 953 3811 eornm
976 3774 1042 3828 quae
1059 3759 1092 3809 ad
1111 3773 1153 3809 res
1169 3756 1254 3808 eccle-

150 3824 276 3879 siasticas
291 3834 364 3877 recte
378 3826 564 3895 salubriterque
580 3828 706 3896 regendas
722 3834 828 3897 possent
845 3828 994 3881 desiderari.
1028 3826 1144 3879 exhibuit
1168 3832 1253 3878 autern

150 3912 184 3949 aa
202 3911 271 3946 noro
288 3895 448 3961 patriarchae
472 3905 589 3963 paratum
606 3897 639 3948 ad
657 3914 713 3948 eum
730 3896 900 3949 adiuvandum
924 3912 1082 3979 quacumque
1098 3895 1124 3945 in
1144 3911 1173 3947 re
1189 3910 1253 3962 opus

150 3965 280 4025 heberet,
298 3980 404 4031 sperans
418 3964 528 4016 vicissim
545 3966 578 4016 ab
595 3963 639 4017 illo
655 3964 683 4016 ln
699 3966 833 4018 occasione
855 3964 954 4019 similia.
990 3964 1062 4017 dedu
1077 3962 1159 4016 eidem
1177 3966 1203 4015 et
1220 3961 1253 4014 fi-

53 4084 60 4091 ,
151 4032 249 4086 ducias
272 4032 371 4095 locum,
394 4050 445 4102 quo
470 4034 578 4085 auderet
601 4034 732 4101 suscipere
756 4050 834 4102 agere
852 4050 885 4086 ue
907 4048 993 4087 secum
1017 4048 1106 4085 masaa
1129 4031 1254 4084 hominum

152 4101 285 4170 egentium
301 4103 388 4170 gratia
405 4102 542 4185 principia,
570 4117 621 4154 non
638 4104 736 4154 frastra
750 4120 780 4155 se
797 4101 823 4154 id
836 4052 967 4155 lecturum
990 4118 1111 4171 sperans:
1140 4100 1254 4153 confide-

150 4172 200 4224 bat
217 4171 284 4223 enim
300 4171 362 4223 nihil
379 4187 436 4223 eum
453 4170 503 4222 nisi
519 4170 587 4240 quod
603 4173 731 4224 facesset
750 4171 855 4223 concedi
877 4172 1024 4242 petiturum.
1059 4185 1136 4239 porro
1155 4169 1254 4225 Vaccus

145 4240 202 4295 itas
215 4238 401 4292 interveniendi
417 4256 465 4308 pro
482 4239 580 4292 miseris
596 4248 685 4310 partea
700 4248 756 4293 toto
775 4240 856 4293 animo
879 4256 1030 4309 capessens,
1053 4237 1162 4309 partitos
1178 4238 1255 4290 habe-

151 4308 202 4363 bat
216 4307 245 4361 iu
261 4308 313 4363 dno
329 4324 427 4379 gaam
442 4324 507 4379 quos
523 4309 573 4363 isto
589 4308 780 4365 misericordiae
796 4308 883 4363 officio
899 4308 1019 4362 iuraretr
1048 4307 1121 4379 prius
1136 4313 1195 4361 erat
1211 4322 1255 4359 ca-
