3125 4900
379 279 456 355 698
681 275 917 350 ousuuvat.
940 273 1175 349 PlGllYllEll.

385 445 453 507 dori
468 443 612 526 principia
624 441 839 524 compactum?
859 442 947 523 =quid
959 442 1009 504 illa
1024 451 1125 504 aune
1137 441 1194 502 diei
1208 439 1335 502 mentio?
1363 459 1438 502 nonne

382 531 537 592 evidenter
551 529 643 608 exigit
654 529 797 608 insignem
813 529 940 608 aliquam
949 529 1032 589 unde
1045 537 1219 588 numeratur
1231 526 1384 608 apodians?
1414 546 1438 585 ea

382 635 476 698 perro
488 635 557 676 cuna
571 614 722 675 Theodori
734 635 815 676 more
829 632 890 674 ease
902 635 965 675 nen
978 614 1085 694 possit,
1106 613 1215 694 quippe
1228 631 1302 692 quaa
1311 613 1439 692 praesigni

383 702 468 762 ficari
486 702 567 780 signo
584 701 730 780 posterius
749 701 831 760 edito
851 698 1013 779 nequierit,
1033 707 1126 760 restat
1139 707 1175 758 ut
1189 697 1318 758 einedem
1335 697 1439 756 selerne

383 785 961 946 iiiii‘iffl‘dddtiiih
968 782 1439 945 ’diffinit-:titt

384 975 461 1034 quae
479 965 566 1016 sexta
580 954 695 1030 illuxit,
714 955 864 1035 trigesima
883 955 1051 1016 Decembris
1068 955 1120 1015 illo
1136 954 1241 1014 eodem
1254 973 1329 1013 anno
1343 951 1406 1016 1255
1418 959 1439 1010 et

383 1041 459 1102 seria
478 1041 537 1100 suit
554 1041 675 1121 quinta,
693 1059 762 1100 cum
779 1039 831 1100 ille
846 1061 924 1102 enno
945 1041 1061 1122 periodi
1078 1040 1207 1101 Iulianae
1219 1037 1439 1116 696805dusso

273 1129 304 1206 ,Ρ
318 1125 372 1184 492
387 1127 424 1187 lis
442 1127 481 1202 4,
508 1125 596 1186 litera
611 1125 800 1186 Dominicalie
821 1125 845 1186 C
864 1127 973 1203 luant,
995 1126 1059 1202 die,
1078 1125 1216 1203 inquam,
1239 1129 1281 1190 30
1302 1121 1438 1194 Decembris,

384 1217 407 1280 6
421 1232 439 1270 a
452 1211 645 1271 coronatione
658 1210 808 1272 Theodori
819 1231 912 1274 manu
923 1211 1037 1272 Arrenii
1049 1210 1240 1289 patriarchae
1253 1210 1285 1269 in
1297 1207 1398 1268 eeclesia
1408 1207 1439 1264 la-

385 1306 445 1374 cta,
467 1317 545 1356 anno
560 1296 652 1374 1255,
673 1296 786 1377 eclipsis
800 1297 869 1356 solis
878 1296 943 1358 visa
955 1297 1077 1357 Nicaeae
1090 1297 1191 1376 ingens
1205 1303 1268 1371 eat,
1288 1293 1378 1353 eadem
1387 1291 1437 1350 bora

385 1401 476 1462 quana
488 1381 606 1442 notavit
615 1380 809 1463 Pacbymeres
821 1393 890 1462 post
901 1383 1052 1444 meridiem
1064 1385 1160 1459 tertia,
1179 1401 1249 1442 cnm
1262 1379 1378 1439 tenebris
1387 1375 1438 1434 deu-

384 1467 504 1527 aisaimis
520 1474 585 1525 toto
603 1473 685 1542 atre,
704 1475 736 1526 et
755 1469 937 1548 apparitione
959 1468 1110 1528 stellarum
1124 1469 1155 1526 in
1169 1467 1274 1542 coelo,
1293 1473 1328 1524 at
1340 1471 1436 1543 putatu

386 1552 450 1612 eina
462 1550 584 1629 deliquii
596 1552 788 1612 exactissimis
804 1553 936 1629 mlculis,
958 1573 1032 1630 quos
1046 1553 1179 1628 sequenti
1195 1571 1269 1612 mox
1285 1551 1369 1628 eapite
1380 1545 1437 1604 dehi-

386 1656 463 1699 mue.
504 1645 601 1696 totam
616 1635 696 1696 banc
710 1639 912 1699 coniecturam
927 1658 962 1698 ac
975 1639 1233 1698 ratiocinationem
1245 1655 1281 1696 eo
1296 1635 1377 1715 pluris
1387 1630 1435 1691 lane

386 1722 470 1802 quod
482 1722 541 1781 mei
553 1721 661 1801 ingenii
668 1742 729 1781 non
746 1732 800 1785 est.
844 1743 913 1784 cnm
932 1724 1009 1784 enim
1026 1723 1139 1782 diffieus
1155 1721 1290 1783 facultati
1303 1738 1372 1779 meae
1383 1718 1435 1776 airu

388 1807 465 1868 duos
488 1806 563 1867 mibi
585 1807 773 1867 amicissimos
792 1817 832 1868 et
843 1810 1040 1869 astronomiae
1055 1809 1249 1888 peritissimoe
1264 1808 1302 1866 de
1312 1803 1361 1864 bac
1370 1797 1434 1879 eclipsi

386 1892 613 1969 consuluissem,
639 1893 779 1954 loannem
800 1895 962 1976 baptistam
982 1895 1145 1954 Ricciolunr
1167 1903 1198 1952 et
1218 1891 1352 1954 lacobum
1369 1889 1434 1946 enn-

386 1978 470 2054 tami,
491 1979 578 2038 ambo
589 1989 796 2040 convenerunt
810 1981 842 2040 in
855 1977 1031 2040 affirmando
1042 1979 1156 2039 nullam
1169 1999 1251 2039 anno
1263 1975 1366 2036 Cbriati
1377 1973 1434 2041 ute

386 2083 449 2142 quo
462 2074 507 2123 est
517 2062 690 2124 Theodorus
701 2065 805 2125 Iunior
819 2065 951 2124 bascaris
969 2073 1122 2141 mortuus,
1141 2065 1213 2124 solis
1237 2062 1371 2142 eclipsim,
1386 2073 1433 2132 qu·

385 2147 445 2208 lem
464 2148 659 2229 Pacbymeres
677 2150 831 2227 describit,
853 2151 978 2231 spectari
999 2150 1121 2209 Nicaeae
1139 2151 1279 2228 potuisse
1319 2147 1433 2204 atores

292 2287 296 2292 ,
385 2233 525 2311 illorum,
547 2234 671 2295 lacobus
688 2235 860 2314 Grantami,
879 2235 1085 2314 benignissime
1099 2233 1171 2294 milri
1185 2223 1432 2314 gratiliuandisludi⁰

385 2326 483 2378 totam
502 2318 713 2380 intricatissimi
732 2319 823 2381 buius
842 2321 901 2380 loci
920 2321 1148 2401 perplexitatem
1164 2319 1290 2400 insigni,
1310 2335 1365 2376 maa
1379 2325 1434 2368 mn

384 2403 569 2481 elucubrate,
589 2405 803 2467 commentario
818 2407 970 2487 explicuit,
990 2405 1131 2486 idipsum
1146 2408 1229 2484 quod
1242 2403 1293 2465 bic
1305 2392 1432 2478 conpulit

383 2489 527 2568 proposui
539 2490 661 2549 werina
675 2500 706 2550 et
718 2494 884 2552 securatiue
897 2493 1060 2551 adstruens.
1083 2490 1117 2551 id
1129 2492 1313 2571 praeclarum
1323 2486 1370 2547 viri
1380 2483 1432 2554 '⁰³3⁸

383 2572 553 2649 docu‘ssimi,
573 2582 606 2633 et
621 2574 658 2633 de
672 2592 720 2635 me
733 2594 823 2654 supra
838 2594 927 2653 quam
942 2576 1113 2655 praedicare
1124 2578 1235 2655 possim
1250 2563 1432 2654 optinendi

385 2658 568 2808 epimenia
583 2662 682 2742 accepi
694 2659 814 2721 erudite
825 2661 917 2741 ipsius
936 2671 1093 2723 exaratum
1105 2680 1197 2722 manu
1211 2660 1342 2739 deincepa
1352 2654 1390 2717 lic
1398 2646 1431 2705 al·

384 2761 442 2803 aon

736 2962 1006 3041 CAPUT
1056 2964 1139 3043 Ill.

389 3099 496 3160 lucebi
513 3101 680 3163 Gruntcma‘
698 3125 714 3163 e
732 3106 874 3163 mislata
891 3104 961 3164 Iesu
987 3100 1162 3165 durantio
1183 3098 1223 3161 de
1242 3097 1340 3179 ecbpei
1356 3088 1433 3149 solua

430 3186 613 3267 Pachynon
623 3199 740 3251 notata.
761 3186 808 3248 od
817 3192 944 3249 Petrum
954 3192 1119 3251 Poeninum
1131 3186 1267 3249 eiusdem
1278 3176 1407 3243 naemu.

471 3336 496 3397 l.
537 3340 661 3422 Eolipsis
678 3344 748 3404 solia
767 3364 858 3425 supra
873 3341 1103 3423 exPaubymere
1115 3342 1264 3422 deamipta
1275 3356 1332 3399 non
1345 3328 1432 3390 mium

385 3420 420 3481 in
433 3420 556 3484 historia
569 3436 736 3509 temporum
746 3438 777 3489 et
792 3429 993 3489 astronomicis
1004 3429 1115 3510 legibue
1126 3428 1263 3488 tenamas
1274 3421 1360 3505 pellis
1375 3422 1431 3501 lm

384 3506 499 3569 dicitur
519 3511 553 3571 in
572 3520 640 3574 stre
658 3514 870 3575 obscuritatem
892 3514 1003 3574 fudisse
1020 3517 1170 3576 etlumen
1191 3513 1279 3593 plane
1291 3512 1375 3568 toton
1389 3490 1432 3551 ἑὼ

386 3594 564 3657 extinxisse:
584 3606 636 3660 atr
650 3603 729 3660 enim
741 3609 822 3661 tecto
836 3622 854 3659 a
867 3602 939 3660 luna
951 3600 1013 3659 sola
1025 3600 1122 3679 aliqua
1136 3599 1241 3660 aaltem
1254 3580 1431 3675 stellaruffl'l?cl

384 3680 527 3759 fulgebat,
548 3692 579 3743 et
593 3705 668 3763 quae
681 3686 809 3747 interra
822 3686 1001 3771 gerebantur
1014 3706 1076 3747 non
1090 3684 1209 3745 omnino
1221 3674 1364 3743 invisibilia
1372 3676 1431 3754 dut

384 3768 553 3827 tractabilia
562 3770 690 3832 fiebant:
712 3772 873 3853 descriptio
887 3782 987 3831 autem
1000 3772 1052 3831 illa
1065 3772 1108 3831 eie
1121 3771 1279 3830 obscurare
1291 3760 1390 3849 eidem?
1400 3744 1430 3803 Ῑ“”

384 3854 525 3929 storiam,
547 3865 584 3915 ut
606 3858 720 3920 nullam
743 3860 771 3917 ci
790 3859 908 3939 penitus
923 3855 992 3917 lidai
1004 3858 1101 3917 luoem
1117 3864 1170 3917 aut
1182 3860 1327 3935 aspeetm
1337 3840 1430 3901 ΜΒΝ

383 3936 545 4017 rdinquat.
565 3962 645 4003 mors
659 3944 849 4024 imperatorie
863 3942 987 4024 ponitur
999 3962 1078 4003 anno
1090 3943 1123 4002 in
1136 3950 1309 4001 autumnum
1319 3924 1429 4003 Wl⁸⁰¹⁶²

386 4026 446 4084 aori
460 4018 490 4086 δ’
506 4020 604 4091 evitet
620 4025 731 4112 χρόνον
745 4026 823 4111 epte
841 4025 876 4113 ed
894 4024 1123 4110 φθινοπωρινόν
1145 4022 1348 4111 &censentit
1360 4003 1428 4089 pud

385 4103 485 4170 λᾶπει
495 4106 531 4174 ed
544 4114 636 4193 βιοῦν
648 4114 669 4179 d
679 4119 809 4199 κρατῶν.
839 4115 1016 4197 praenuntia
1028 4113 1161 4195 alligitur
1174 4111 1242 4171 eolis
1256 4104 1364 4167 deleme
1374 4090 1427 4148 illst

388 4200 424 4251 ut
440 4196 608 4272 profundae
620 4201 761 4262 tenebrae
776 4200 876 4261 omma
889 4208 1024 4280 tegerent
1036 4208 1068 4259 et
1082 4199 1183 4258 nellae
1200 4196 1232 4256 in
1251 4188 1325 4291 edel?
1338 4177 1427 4309 md

382 4292 581 4361 apparent:
601 4282 678 4369 iti
699 4286 754 4353 καὶ
771 4279 965 4373 metuo
983 4308 1013 4351 τι
1032 4290 1167 4369 σημεῖον·
1184 4274 1394 4366 amyone
