3125 4900
173 107 418 184 secundam,
439 107 557 186 qualem
566 107 670 169 nullus
682 126 721 168 ex
742 105 963 187 quatuordecim
981 106 1227 190 praecedentslsus
1239 119 1270 171 et
1283 121 1329 172 to.

177 195 317 254 tidem
352 195 466 254 secutis
485 192 596 252 habere
615 194 731 274 potuit,
758 201 794 253 at
811 193 979 273 periculum
999 195 1116 255 nahum
1130 195 1168 254 sit
1181 215 1219 254 ne
1232 215 1329 257 annus

177 290 270 338 tam
297 279 379 359 ipsi
396 278 520 361 propris
541 278 700 357 insignitus
720 287 792 338 nota
817 297 886 337 cum
901 278 960 338 slio
975 280 1113 360 quopiam
1126 281 1329 342 contundatur

184 374 259 424 aut
291 375 452 426 mutetur.
494 365 527 424 in
545 363 601 423 ists
625 383 718 444 porro
737 363 932 442 suspensione
951 383 998 424 res
1017 365 1140 425 fuerunt
1158 365 1250 426 lerum
1270 387 1327 446 per

184 459 346 510 antrum
355 495 366 525 ‚
388 449 488 530 quoad
505 448 611 528 legatis
623 467 728 528 pscem
744 469 762 506 s
775 449 909 508 Romanu
922 447 1065 529 puntihce
1081 460 1257 511 conventam
1271 452 1327 511 sti-

183 537 432 616 pulatamque
447 535 657 610 referentibus,
688 533 808 594 comitis
824 543 897 594 sunt
908 534 1022 594 indicta
1033 552 1113 594 noso
1127 537 1256 596 meando
1269 556 1326 617 ps-

186 621 393 683 triarchae.
435 621 516 699 quod
533 639 597 679 uon
618 619 744 698 contigit
760 625 831 679 ante
848 628 1019 700 sequentem
1034 637 1163 698 sunum,
1189 630 1223 682 ut
1237 621 1326 684 docet

187 725 265 767 nos
285 704 443 767 historici
458 706 558 766 nostri
570 706 655 766 locus
669 704 760 764 ruodo
780 704 1024 767 consides-sadus

303 833 370 895 lv.
413 833 454 894 lle
468 832 588 892 Ioannis
601 831 692 892 Vacci
705 830 831 914 losepho
850 830 1002 911 subrogati
1016 831 1173 909 electione,
1195 851 1282 913 quam
1294 841 1326 894 et

188 918 328 980 statim
341 916 514 978 inchoatam
527 925 596 998 post
606 917 772 996 legatorum
787 919 879 977 Roma
889 917 1019 978 reditum
1034 926 1064 978 et
1076 919 1213 978 celeriter
1223 926 1326 978 mans·

192 1016 319 1064 actam
338 1013 485 1084 apparet,
507 1005 553 1064 sic
575 1003 680 1064 scribit
695 1000 891 1082 Pachyrneres
912 1023 937 1062 c.
951 1005 992 1069 24
1007 1003 1030 1064 l.
1044 1003 1075 1068 6.
1118 1001 1138 1067 d
1153 1000 1266 1076 Βὲιικορ
1281 1003 1325 1066 ei-

191 1093 319 1175 κοστῇ
331 1085 393 1171 μὲν
404 1087 454 1152 sul
463 1087 531 1174 imp
540 1092 763 1168 Houvnpsoivor
770 1083 864 1168 μηνὸς
877 1083 953 1150 ssusd
965 1084 1022 1169 seir
1034 1083 1141 1170 inperia
1152 1091 1215 1150 seis
1225 1085 1321 1171 siplae
1337 1093 1359 1148 Ρ
1373 1093 1408 1152 52¹

194 1173 368 1256 πατέρων
376 1177 437 1237 sais
452 1173 485 1238 iv
499 1175 614 1260 Nescio
627 1167 810 1256 πατριάρχης
821 1171 1031 1255 προβέβληται.
1060 1171 1182 1256 temtos
1194 1169 1227 1236 di
1238 1178 1322 1237 Μαι-

195 1263 439 1342 μακτηριῶνος
450 1263 489 1345 τῇ
507 1255 633 1342 ἐπιούσῃ
648 1263 796 1344 κυριακῇ,
817 1257 850 1321 ts
863 1254 997 1343 ἐπισήμῳ
1009 1255 1106 1343 ἡμέρᾳ
1119 1263 1175 1322 τοῦ
1185 1254 1322 1340 πνεύμα-

197 1370 282 1422 τος,
306 1339 355 1408 soi
369 1349 422 1408 soi
436 1337 605 1423 πνεύματος
623 1341 735 1424 δέχεται
747 1342 799 1406 sul
816 1347 980 1408 τελειοῦται
997 1329 1158 1425 derisorie.
1206 1343 1322 1404 Vecorss

198 1443 305 1488 sexta
326 1439 360 1486 et
377 1431 526 1510 vigesimo
538 1429 622 1487 Maii
642 1431 771 1506 mensis,
794 1430 827 1488 irs
834 1431 916 1506 sesto
932 1439 1106 1488 sanctorum
1116 1437 1246 1507 patrum
1261 1429 1325 1490 Ni-

200 1518 399 1575 caeeneium
414 1515 599 1594 patriarcha
618 1514 729 1572 electus
749 1524 802 1576 est.
843 1510 976 1573 sicunde
988 1535 1055 1572 vero
1071 1513 1156 1574 Iunii
1168 1511 1324 1576 dominica

201 1597 427 1660 hebdomadis
444 1601 600 1676 vertentis,
620 1601 738 1679 insigni
755 1596 806 1657 die
825 1601 932 1658 Sancti
949 1601 1084 1679 Spiritus
1094 1600 1233 1680 gratiam
1245 1601 1324 1680 Spi-

201 1690 301 1744 rs'tue
314 1686 473 1764 percepit,
494 1681 656 1743 ordinatae
678 1687 734 1742 rite
748 1683 943 1764 patriarcha.
985 1678 1019 1743 hi
1038 1683 1219 1744 characteres
1235 1685 1325 1746 unice

205 1769 386 1848 designant
399 1790 510 1828 annum
528 1769 638 1828 Christi
655 1769 744 1844 1275,
763 1769 879 1849 periodi
892 1769 1023 1828 Iulianae
1038 1771 1130 1844 5988,
1146 1789 1206 1850 quo
1221 1771 1324 1848 cyclus

204 1855 290 1914 solis
307 1864 481 1914 numeratus
496 1863 539 1913 est
550 1853 602 1930 24,
617 1853 664 1917 lit.
680 1854 868 1915 dominicalis
880 1855 939 1914 fuit
952 1853 986 1932 F,
1000 1853 1102 1934 cyclus
1117 1854 1205 1914 lunae
1224 1873 1324 1916 curre-

155 1952 157 1986 ἱ
202 1941 265 2002 bat
280 1944 314 2006 8.
344 1958 422 2018 quae
433 1950 521 1998 uotae
534 1941 643 2000 festum
653 1934 780 2000 Paschae
793 1941 953 2000 conserunt
966 1939 998 1998 in
1008 1941 1048 2005 14
1061 1939 1183 2020 Aprilis,
1195 1939 1324 1998 domiui.

205 2047 280 2086 casn
295 2045 376 2084 vero
391 2025 574 2084 Pentecosten
587 2025 618 2082 in
633 2029 654 2090 2
667 2023 755 2084 lunii.
798 2025 878 2084 unde
899 2030 981 2104 patet
994 2045 1011 2082 a
1026 2025 1120 2103 prima
1136 2025 1324 2086 successione

155 2154 156 2159 ο
203 2109 337 2192 losephi
356 2109 394 2168 ad
408 2108 515 2169 initum
529 2131 546 2168 a
560 2109 659 2168 Vecco
677 2107 912 2190 patriarchatum
927 2108 1129 2168 intercessisse
1141 2129 1255 2168 menses
1275 2131 1324 2172 so.

206 2195 294 2256 lidos
306 2194 463 2254 sexdecim
477 2215 548 2254 cum
565 2194 668 2255 diebus
682 2193 859 2254 octodecim.
902 2213 981 2254 anno
997 2193 1188 2274 praecedenti
1207 2193 1321 2256 Christi

207 2281 299 2347 1274
313 2278 342 2339 si
361 2278 426 2356 quis
441 2279 586 2360 suspicari
604 2278 696 2337 vellet
706 2279 797 2338 Vecci
810 2282 993 2338 erectionem
1006 2279 1128 2352 iactans,
1149 2278 1261 2339 frustra
1274 2301 1321 2340 cs-

208 2379 258 2425 set
273 2364 314 2422 ob
331 2360 521 2422 characteres
534 2362 772 2422 diversissimos:
796 2381 864 2420 nam
883 2362 986 2442 cyclos
999 2361 1025 2420 is
1040 2381 1134 2420 annus
1149 2361 1254 2424 habuit
1268 2386 1321 2424 so·

205 2452 248 2511 lie
263 2454 320 2527 23,
336 2447 431 2507 lunae
445 2447 538 2526 2,ροί
552 2446 623 2507 dant
638 2444 749 2505 Pascha
764 2452 779 2511 1
793 2444 905 2525 Aprilis
918 2456 948 2506 et
964 2447 1166 2506 Pentecostem
1178 2452 1221 2513 20
1238 2450 1317 2525 hlsii,

210 2546 242 2596 et
258 2536 353 2595 litera
375 2532 565 2592 dominicalis
584 2531 714 2589 eiusdem
734 2531 805 2590 anni
829 2529 855 2590 G
873 2531 951 2589 diens
965 2530 1128 2589 secundum
1147 2530 1226 2590 lunii
1244 2533 1318 2595 fucit

209 2621 392 2694 sabbatum,
413 2638 482 2677 cum
495 2615 672 2676 dominicam
687 2615 778 2674 fuisse
790 2616 960 2697 oportuerit
970 2634 1031 2695 quo
1044 2635 1124 2675 snno
1143 2625 1187 2675 eat
1204 2616 1318 2679 Vaccus

212 2708 248 2767 iu
274 2700 510 2785 patriarchalem
534 2700 833 2781 constantinopoleos
862 2709 982 2761 evectus
1004 2698 1113 2765 sedem.
1159 2698 1247 2763 huius
1274 2704 1317 2764 li-

213 2792 280 2865 nis,
301 2788 446 2868 quoniam
460 2786 616 2847 Michaelis
636 2786 801 2865 Palaeologi
818 2788 923 2847 sunere
942 2784 1091 2865 posterior
1114 2794 1201 2847 extre
1223 2786 1316 2851 huius

154 2891 158 2926 t
214 2876 362 2936 historiae
387 2872 514 2935 limitem
540 2873 622 2951 exit,
657 2881 777 2934 nostrae
804 2860 1049 2939 donsiderationis
1078 2890 1160 2931 nuuc
1195 2874 1316 2953 quidem

155 2975 156 3010 l
217 2982 281 3022 nou
297 2970 351 3023 cst.

303 3084 341 3145 V.
385 3084 487 3144 Restat
513 3085 653 3145 ultimum
683 3084 765 3164 quod
797 3082 1007 3165 proposuimus
1037 3081 1088 3142 hic
1116 3084 1316 3149 tractandum.

155 3155 156 3180 ¹
219 3181 409 3251 tempusque
424 3170 512 3229 missa
530 3172 652 3230 Romam
668 3180 744 3229 ests
761 3168 903 3229 Michaiile
916 3168 1052 3247 Augusto
1070 3168 1194 3248 insignis
1210 3172 1317 3249 legatio

222 3257 260 3314 ad
283 3254 497 3313 absolvendum
518 3257 669 3334 negotium
689 3254 909 3315 conciliationis
930 3254 1139 3329 ecclesiarum,
1166 3276 1224 3333 qus
1243 3258 1317 3316 Ger.

155 3337 156 3352 ³
222 3359 324 3399 manus
339 3339 548 3419 expatriarcha
571 3349 601 3400 et
616 3340 762 3417 Georgius
784 3339 957 3419 Acropolits
979 3339 1109 3401 feliciter
1122 3340 1221 3399 functi
1236 3352 1315 3419 sunt,

222 3423 391 3483 characters
412 3444 474 3483 non
492 3425 584 3485 dubio
599 3426 775 3502 insignitum
791 3424 902 3503 legitur
913 3445 941 3484 c.
958 3431 1000 3493 21
1018 3424 1040 3483 1.
1055 3426 1085 3491 6.
1127 3424 1170 3484 ait
1183 3424 1247 3484 illic
1260 3426 1316 3485 hi·-

155 3495 156 3520 *
223 3509 344 3566 storicus
363 3507 488 3569 solvisse
510 3510 625 3569 duabus
644 3511 814 3570 triremibus
835 3510 947 3589 legatos
965 3510 1033 3591 paci
1049 3508 1251 3570 conficiendae
1264 3514 1315 3571 de.

222 3593 359 3669 stipatos,
379 3594 493 3674 paretis
513 3595 574 3654 issu
596 3596 634 3656 sd
651 3615 714 3655 eam
735 3614 773 3654 ex
787 3606 873 3676 parte
893 3596 1075 3656 Graecorum
1089 3596 1236 3656 omuibus.
1279 3596 1312 3657 hi

223 3678 359 3749 fuerunt,
377 3688 413 3738 ut
434 3700 460 3737 c.
483 3684 525 3746 17
542 3681 680 3760 superius
703 3680 839 3757 dixerat,
867 3682 977 3762 partim
995 3678 1186 3739 ecclesiastici
1200 3683 1312 3762 partius

223 3761 365 3826 senatorii.
408 3764 524 3845 priores
546 3766 713 3826 Gsrmsnus
732 3785 828 3847 nuper
840 3764 1009 3847 patriarcha
1031 3774 1061 3825 et
1077 3764 1234 3847 episcopus
1249 3768 1311 3827 Ni-

224 3866 303 3906 caeae
323 3846 538 3930 Theophanes,
564 3851 617 3911 alii
638 3872 760 3931 magnus
785 3852 937 3931 logotheta
960 3850 1155 3930 Acropolita,
1191 3872 1309 3932 praeses

223 3929 346 3994 rufiani
372 3936 534 3999 Panaretus
555 3947 586 4001 et
601 3958 726 4021 maguus
744 3938 893 4023 interpres
909 3934 1098 4005 uastoeoss
1139 3938 1308 4001 triremium
