3125 4900
364 322 439 395 658
662 316 900 389 ottsuttvss.
923 314 1164 389 mentm

362 486 522 549 habimaua
535 484 738 569 κληρονομίας
748 482 925 545 Ιιιιοιὶἱιιίίι
935 482 1086 545 vocabalo
1097 480 1253 563 signatam:
1271 478 1363 541 dona
1376 488 1477 540 ιιιιιι

363 573 499 633 nondam
519 570 621 629 habita
643 570 809 631 neceeaaria
828 568 1029 650 perducendia
1048 568 1136 627 nobie
1156 568 1195 627 ad
1212 566 1310 627 {inem
1330 567 1477 625 ntum

367 665 586 719 conacmmatae
598 654 792 717 beatitudinis
799 700 808 729 ,
828 648 1049 735 περιποιήσεως
1063 655 1287 734 acquisitionis
1298 651 1478 711 indicantur

364 742 467 804 verbo.
510 742 568 801 ieta
592 740 672 800 docta
691 741 779 801 velut
797 742 831 798 iu
852 740 947 799 aliena
970 758 1062 797 manu
1077 740 1176 819 pcaita
1189 736 1378 797 redimenda
1393 738 1477 795 notu

363 836 443 901 aunt,
466 824 525 885 hoc
539 834 584 885 eat
596 826 752 885 emerenda
765 834 796 883 et
809 823 997 902 impetranda
1010 823 1098 883 bunia
1112 822 1258 904 open'bua
1275 832 1310 882 et
1322 823 1477 902 predum

362 932 402 971 ne
415 920 516 970 autem
531 910 721 990 desperemus
735 931 767 969 ea
783 908 944 988 impetrare
958 930 995 967 ac
1010 908 1174 988 promereri
1185 929 1244 967 ιιοι
1260 928 1369 987 pocae,
1393 908 1478 965 datur

204 1030 208 1037 .
255 1000 278 1055 P
294 998 346 1054 tet
363 996 452 1057 nobie
476 1014 580 1055 eorum
603 1014 742 1075 praeeana
767 994 874 1072 pignus
888 996 1015 1054 Sanctua
1036 994 1186 1074 Spiritui,
1209 992 1364 1072 idemque
1379 992 1480 1051 affin·

363 1082 500 1141 ciaaimua
512 1079 634 1140 adiutor
651 1080 689 1139 ad
708 1078 893 1162 operandum
905 1080 988 1157 quod
1002 1099 1020 1138 a
1032 1078 1119 1139 nobie
1131 1077 1284 1156 exigitur,
1306 1088 1348 1137 ut
1360 1078 1477 1157 piem

364 1167 490 1226 aetutem
505 1184 704 1243 uiaequamcr.
746 1164 831 1223 iuxta
842 1163 925 1223 hunc
937 1184 1057 1224 eenaum
1074 1183 1164 1244 quam
1182 1174 1273 1223 recte
1291 1161 1478 1222 conseant

363 1250 457 1312 verba
471 1250 599 1329 apoetcli
621 1248 703 1309 videt
717 1250 854 1329 proiecto
875 1248 1007 1328 prudens
1027 1249 1142 1319 lecton
1164 1248 1324 1327 simulque
1337 1248 1477 1322 inteiligit

363 1356 452 1416 quam
467 1334 580 1394 nullam
592 1332 779 1395 commodam
793 1334 973 1393 cententiam
986 1332 1098 1393 efficiat
1111 1334 1300 1393 Genevenaia
1316 1332 1477 1413 expoaitia.

364 1440 441 1501 quaa
458 1428 502 1479 eat
515 1418 594 1477 enim
608 1418 771 1499 redemptio
783 1420 961 1478 assertioni·
977 1430 1035 1477 out
1049 1416 1302 1480 vindicationis?
1328 1428 1365 1478 at
1377 1420 1477 1497 aequi

363 1505 505 1577 οἱιίοιιίι,
526 1502 586 1561 hoc
600 1513 660 1578 eet,
681 1504 726 1565 rei
743 1504 878 1563 nondum
895 1523 1047 1585 pcaeeeaae
1062 1503 1273 1582 adiungendae
1286 1502 1332 1563 ad
1350 1503 1386 1563 id
1402 1502 1476 1581 qood

363 1589 424 1649 iana
445 1588 604 1665 habenam,
635 1588 724 1649 facile
743 1588 839 1667 quinia
857 1589 1004 1669 perspicit
1024 1588 1092 1649 fieri
1112 1588 1360 1668 redempticm
1383 1607 1473 1669 point,

363 1672 499 1747 licceat,
522 1673 621 1752 parari
635 1693 700 1733 eam
717 1682 749 1733 et
761 1673 846 1752 quaai
859 1674 917 1733 enai
934 1674 1089 1753 peraoiutc
1102 1674 1199 1753 pretio
1218 1672 1354 1735 idoneo.
1401 1682 1474 1731 caete

364 1758 477 1819 Latinia
491 1758 690 1838 acriptcribua
702 1756 817 1837 paimae
832 1758 936 1818 claeaia
951 1756 1133 1838 acquirendi
1145 1758 1272 1818 vatiaum
1282 1756 1472 1838 haucipcau

365 1842 458 1921 quam
480 1842 673 1921 exposuimca
691 1842 845 1901 notionem
868 1840 959 1901 habet
977 1843 1130 1919 augmenti
1152 1853 1184 1903 et
1197 1843 1378 1903 additionis
1391 1862 1472 1921 aupes

364 1928 449 2009 priua
464 1946 597 2007 pcaaeeaa
614 1926 793 1987 cumulatae.
814 1927 876 1986 Cic.
889 1926 1005 2007 cpiam
1019 1928 1041 1988 t.
1057 1932 1094 1993 8:
1109 1940 1219 2008 pcatea
1232 1950 1308 1987 ueto
1322 1931 1471 2008 quamue

364 2016 483 2093 accepi,
505 2014 553 2071 itu
561 2015 645 2091 geeai
663 2015 794 2091 imperia
802 2013 955 2078 maxima.
976 2023 1013 2073 ui
1022 2012 1101 2071 milei
1112 2014 1196 2072 nihii
1204 2034 1306 2093 oeque
1321 2012 1377 2073 ad
1387 2014 1471 2071 Ιιοιιο·

364 2118 427 2158 rem
443 2118 537 2176 neque
550 2094 596 2155 ad
608 2098 742 2175 gloriam
762 2095 985 2176 acquirendum
1000 2109 1157 2177 putorem.
1199 2099 1284 2157 idem
1304 2098 1345 2157 in
1361 2099 1471 2158 cantic

365 2204 439 2243 nam
450 2183 529 2241 milii
540 2180 661 2262 quidem
671 2184 733 2261 ἱροί
747 2181 828 2263 quid
838 2194 882 2240 eet
895 2180 1056 2261 quodiam
1070 2182 1117 2241 ad
1126 2186 1209 2243 vitoe
1211 2184 1372 2263 fructum
1380 2186 1470 2264 pouit

365 2266 1199 2432 titttitettttmt'ttT'dedititiis,
1221 2268 1472 2413 tw&

364 2444 481 2518 pretam
495 2436 651 2513 vulgatum
666 2459 727 2500 non
740 2438 875 2519 potuiaae
886 2438 993 2499 melica
1007 2442 1176 2519 expaimere
1188 2440 1253 2499 vim
1268 2441 1412 2500 Graecae
1424 2459 1470 2500 ιο·

367 2523 410 2582 cie
424 2523 615 2603 περιποίησις
632 2543 720 2602 qnam
739 2523 781 2598 ei,
803 2533 839 2582 ut
857 2523 946 2599 iecit,
968 2527 1149 2602 opponendo
1162 2525 1357 2585 vccabulum
1372 2529 1469 2604 coqui·

365 2609 453 2680 aiti03
477 2626 532 2666 nec
553 2627 608 2667 nce
626 2609 709 2687 quod
734 2618 837 2668 noeter
856 2606 915 2668 hcc
935 2609 1003 2668 loco
1024 2609 1189 2670 hiatcricua
1209 2611 1254 2684 εἰς
1276 2615 1469 2690 περιποίησιν

365 2691 542 2836 ρίιιιίοιιιιιιιι
559 2691 649 2771 dicit,
673 2693 749 2756 mele
764 2693 929 2754 deciman
941 2693 1041 2756 veabia
1054 2695 1117 2756 illia
1130 2699 1166 2755 ιἰι
1181 2698 1471 2776 uugmmtunesua-

388 2779 504 2836 aeonia
518 2785 574 2839 etc.
1097 2822 1100 2834 .

258 2863 282 2918 P
298 2863 350 2920 461
451 2884 482 2943 p.
505 2859 567 2928 548
590 2883 622 2924 v.
633 2859 685 2929 24.
727 2883 763 2922 ne
782 2863 1071 2947 umbram.quidem
1091 2865 1470 2928 uttimmaieimulu

366 2948 401 3008 in
420 2947 534 3006 Graeco
546 2945 622 3028 μηδὲ
637 2951 790 3032 φρουρίου
802 2945 899 3013 cxciv.
941 2950 1016 3016 haec
1029 2952 1170 3012 alludunt
1183 2953 1221 3010 ad
1237 2973 1350 3012 vocem
1367 2972 1469 3033 μειερ·

367 3033 468 3114 βρεὶιις
481 3053 553 3092 mcx
575 3032 712 3112 poeitam.
755 3053 831 3112 quae
847 3055 957 3096 nomen
977 3037 1101 3116 quidem
1113 3047 1178 3096 erat
1198 3046 1292 3096 notae
1305 3040 1414 3113 urbia,
1436 3039 1469 3095 de

368 3138 426 3194 qua
439 3116 489 3176 hic
503 3117 610 3194 agitur.
654 3117 707 3178 aad
720 3120 803 3196 quod
818 3129 879 3179 tam
892 3143 987 3202 prope
1007 3123 1163 3182 accederet
1182 3124 1221 3180 ad
1236 3141 1349 3182 vocem
1365 3142 1468 3204 μοιρρ·

368 3203 439 3281 βρία
452 3211 487 3260 ut
505 3201 585 3260 idam
606 3221 668 3262 ecee
688 3201 851 3265 videretur.
893 3217 981 3266 conat
1003 3216 1102 3267 cutem
1115 3209 1289 3289 μεσημβρία
1303 3210 1467 3268 meridiem.

367 3285 409 3344 ibi
424 3285 496 3344 latet
510 3285 665 3347 antitheaia
677 3286 715 3347 ad
726 3283 816 3351 οιιιιὶν
829 3289 980 3357 umbram.
1021 3293 1056 3351 id
1072 3295 1128 3353 etei
1150 3293 1232 3351 dictu
1246 3313 1398 3371 parvum,
1418 3295 1467 3351 ad·

367 3369 518 3430 monuisse
539 3371 689 3451 oportuit,
717 3393 756 3434 ne
779 3375 921 3434 lectorem
941 3375 992 3436 hic
1015 3376 1182 3437 offenderet
1200 3378 1422 3458 intempeativa
1440 3387 1466 3436 at

367 3449 605 3536 ιῖπροοδιὸνοοος
615 3457 681 3517 viaa
694 3457 816 3518 umbrae
829 3460 951 3523 mentio.

455 3561 484 3620 p.
501 3541 563 3605 349
576 3561 607 3602 ι.
623 3546 652 3607 3·
695 3540 761 3606 ὅδὲ
774 3539 909 3625 Mutae.
950 3556 987 3607 ut
1007 3566 1085 3626 quae
1098 3543 1159 3606 iaec
1174 3547 1275 3626 capite
1293 3549 1464 3608 auferuntur

366 3625 588 3702 intelligantur,
608 3627 805 3706 repetendam
817 3649 857 3688 ex
876 3631 1013 3710 nuperiua
1026 3632 1154 3711 aparaim
1171 3633 1303 3691 namu·
1317 3655 1335 3691 a
1354 3633 1462 3711 Pachy-

367 3729 449 3770 mere
463 3720 493 3769 et
507 3729 544 3769 ex
559 3711 690 3790 Gregora
704 3723 764 3788 eat,
785 3713 930 3774 Ioannem
947 3716 1175 3797 imperatorem,
1196 3737 1287 3796 quem
1300 3717 1463 3798 Pachyme·

368 3813 417 3852 rea
435 3793 489 3854 hic
500 3795 616 3854 Ducam
628 3809 734 3872 vocat,
756 3799 977 3860 Canucczenue
997 3802 1030 3860 in
1045 3802 1233 3880 praefatione
1252 3801 1403 3862 hiatoriae
1415 3804 1461 3862 ee

368 3885 495 3955 tatuam,
518 3880 568 3940 cui
583 3879 759 3942 Theodorua
773 3885 908 3949 Laeearia
928 3886 1014 3964 prior
1028 3886 1131 3945 doute
1144 3886 1307 3968 imperium
1319 3888 1461 3950 transmi-

367 3973 448 4022 aeret
456 4008 464 4038 ‚
485 3963 554 4024 data
568 3965 593 4024 ei
608 3967 641 4024 in
655 3985 781 4028 uxorem
795 3969 881 4030 irene
893 3969 970 4046 filia,
996 3969 1093 4031 filium
1108 3979 1139 4030 et
1149 3992 1356 4032 ιιιοοοιιοιοιιι
1373 3975 1460 4052 impe·

368 4045 407 4101 rii
432 4045 570 4110 habuieae
592 4047 799 4127 Theodorum,
836 4055 983 4114 Laecanim
1003 4075 1021 4114 a
1045 4065 1141 4116 matre
1165 4051 1302 4133 dictum,
1328 4069 1458 4138 nepotem

369 4125 519 4191 Theodori
536 4135 666 4194 Laecania
684 4136 785 4214 primi.
827 4137 901 4200 huic
920 4141 1099 4220 deeponaam
1113 4141 1258 4200 Helenam
1270 4144 1382 4203 Azania
1396 4141 1459 4202 Bul·

368 4229 507 4285 garorum
527 4219 604 4294 regia
635 4219 728 4280 filiam
752 4233 855 4282 narrat
881 4226 1027 4302 Gregcraa
1049 4226 1071 4288 1.
1096 4231 1117 4291 2
1137 4247 1170 4306 p.
1190 4230 1239 4290 18.
1266 4231 1357 4287 cuiue
1382 4245 1458 4287 ιοιοι

368 4293 486 4373 Mytzae
498 4303 699 4386 conicxtuit,
720 4315 754 4370 ut
766 4327 823 4370 noa
838 4309 929 4372 dccet
942 4309 1138 4392 Fachymetea
1153 4310 1215 4372 hcc
1226 4312 1316 4394 loco,
1336 4313 1459 4394 unm
