3125 4900
371 282 448 357 554
676 284 910 354 ousuttvtr.
934 282 1169 353 Ptctttutun.

370 450 453 511 hune
467 451 567 512 locnnr
580 470 687 531 parum
703 450 855 525 efficacem
868 450 966 511 visum
979 448 1018 510 iri
1032 443 1071 511 ad
1086 448 1323 511 conlitmandurn
1335 448 1365 507 id
1376 448 1441 529 qnod

371 535 454 613 dixi,
478 538 516 597 de
537 536 704 595 iuramento
724 536 881 596 firmendis
897 536 993 616 pectis
1006 556 1062 616 per
1074 532 1217 617 lyxtiinso
1230 535 1294 594 deri
1310 536 1404 607 nolito,
1421 535 1440 591 ai

369 622 465 681 lector
489 621 526 681 de
548 621 607 681 isto
629 622 828 682 Cantnmzsni
845 621 1018 683 testimonio
1035 621 1150 680 iudicet
1163 642 1202 680 ex
1214 622 1348 679 versione
1358 620 1440 678 erndi·

367 706 472 765 tissimi
494 706 592 765 lacobi
615 707 740 766 l’ontrni
758 707 862 767 nostri.
903 707 930 767 is
946 707 1023 766 enim
1040 705 1117 766 nihil
1132 705 1175 765 ibi
1187 704 1322 785 agnoscit
1335 724 1439 779 sacrun,

369 792 408 851 sd
425 790 701 873 civilem-meroque
718 790 878 851 humanum
894 790 1131 852 obturationem
1146 802 1257 851 cuneta
1274 790 1438 867 detorquens,

370 876 442 936 dum
456 875 500 935 sie
512 876 603 935 verbe
614 877 703 936 modo
714 876 863 957 descripta
877 876 980 937 Latine
994 875 1113 939 reddite
1129 879 1316 957 paciscentes
1327 876 1438 953 nuptias,

370 973 399 1019 et
425 982 506 1019 more
524 962 665 1021 Ronmno
682 962 835 1041 pronubie
855 962 1022 1021 monilibus
1047 960 1086 1021 de
1107 962 1185 1021 eollo
1206 957 1362 1043 putandis
1383 970 1439 1015 octo

370 1048 590 1125 confirmantes.
632 1066 702 1107 oum
715 1048 752 1107 eb
763 1046 846 1107 omni
857 1046 1095 1126 reprehendendi
1108 1066 1289 1127 quemquern
1302 1044 1438 1124 supercilio

369 1129 515 1191 abhorreo
531 1139 657 1209 netum,
679 1142 743 1191 tum
757 1131 848 1192 huius
862 1132 922 1191 riri
934 1133 1093 1214 praecipue
1112 1151 1159 1192 me
1178 1132 1295 1191 dudum
1313 1127 1436 1189 veneratio

368 1216 457 1277 valde
473 1217 605 1277 alienum
626 1218 701 1277 fecit
725 1218 762 1277 sb
784 1216 845 1277 eius
864 1218 1043 1297 cogitatione
1059 1217 1235 1296 sugillandi.
1276 1224 1368 1275 umen
1383 1215 1436 1291 quit

368 1302 481 1362 veritas
493 1302 611 1361 cunctis
623 1301 778 1361 affectibus
790 1302 929 1379 entistst,
951 1324 1014 1363 uon
1029 1322 1149 1383 possum
1163 1300 1313 1362 obstinere
1322 1298 1387 1380 quin
1399 1296 1437 1355 tie

370 1406 469 1446 sneum
490 1386 527 1445 eb
551 1386 614 1445 eius
634 1389 780 1447 sententie
796 1388 950 1448 diversunt
964 1387 1110 1448 iudicium
1122 1406 1307 1469 proponens,
1328 1402 1436 1463 prseter-

368 1472 423 1531 tim
447 1489 518 1531 eum
538 1470 623 1530 illuns
644 1471 763 1532 videam
781 1492 858 1553 quae
872 1473 904 1535 in
918 1472 1167 1555 interpretatione
1180 1472 1300 1554 poenit,
1320 1470 1396 1529 etim
1410 1465 1435 1522 it

368 1554 456 1615 Notis
474 1554 622 1618 affirmem
638 1556 1050 1639 adstruerequediligentius3
1074 1578 1109 1617 ee
1127 1578 1221 1639 porro
1240 1557 1303 1617 sint
1316 1548 1433 1614 nonnuli

368 1650 405 1701 ut
426 1640 486 1700 nisi
510 1651 727 1720 coarguantur,
759 1643 860 1703 locum
882 1653 987 1705 tenere
1012 1662 1099 1719 suem
1117 1664 1154 1704 ee
1172 1642 1296 1723 proban·
1314 1642 1434 1717 nequent

368 1744 446 1805 quse
460 1736 562 1787 noster
577 1727 773 1808 Psohymerea
787 1728 839 1789 hio
850 1729 991 1791 stlirmst.
1021 1738 1158 1789 accenset
1169 1730 1214 1789 ibi
1229 1725 1363 1787 nimirum
1373 1723 1433 1782 Pou-

365 1818 454 1871 uuus
479 1808 622 1895 dyndima
652 1813 785 1896 nuptiali
811 1815 1016 1895 supellectili,
1044 1813 1150 1876 erebes
1175 1824 1208 1874 et
1235 1810 1365 1893 pronuba
1381 1823 1432 1864 nt·

364 1896 508 1974 nnsoule,
531 1918 564 1959 ea
581 1898 793 1981 interpretem,
810 1900 946 1979 qualibus
956 1904 1015 1977 vir,
1035 1900 1145 1981 inquit,
1163 1910 1432 1979 qsonoarnseuutt·

365 2002 428 2041 rem
447 1982 509 2041 sibi
518 1984 672 2060 suturam
690 1989 890 2066 oppignerare
905 1984 1129 2069 quodammodo
1149 1985 1314 2043 consuevit.
1352 1986 1378 2037 et
1390 1975 1432 2033 ni·

258 2067 348 2127 1’379
364 2086 433 2127 rum
450 2067 552 2127 atatim
569 2070 602 2129 in
621 2070 727 2130 talium
748 2090 849 2132 rerum
869 2092 994 2131 numero
1011 2069 1160 2131 nominari
1172 2070 1333 2140 annulum,
1351 2074 1431 2121 mnu·

365 2153 471 2233 utique
486 2172 522 2213 ec
535 2152 697 2234 digitorum
713 2166 879 2235 gestamen,
899 2176 962 2217 non
976 2155 1062 2215 sinus
1075 2176 1110 2215 ιο
1124 2155 1276 2236 pectoris,
1296 2156 1376 2232 prout
1386 2149 1431 2203 “⁸¹

368 2256 505 2316 neeesse,
527 2248 562 2297 ut
583 2240 621 2299 ed
644 2241 829 2325 lynotnlov,
845 2260 947 2301 rerum
966 2259 984 2302 e
1006 2242 1084 2301 collo
1095 2242 1127 2301 in
1141 2240 1244 2301 sinum
1259 2230 1429 2319 pendentium

368 2324 491 2383 classem
512 2323 683 2386 referretur.
709 2335 830 2385 contre
853 2346 886 2387 ee
908 2346 965 2387 nos
985 2327 1111 2387 dicimus
1131 2344 1202 2386 cum
1219 2334 1322 2387 nostro
1339 2313 1429 2391 Psciy·

365 2428 447 2469 mers
470 2408 602 2488 vulgaris
620 2430 694 2472 usus
715 2430 751 2471 ιο
772 2411 936 2492 promiscui
952 2406 1094 2492 lyeilnm
1107 2412 1216 2489 fuisse,
1239 2406 1429 2492 ptunmnoqn
1488 2478 1489 2481 Ἴ

367 2514 384 2551 ι
407 2513 478 2554 vero
501 2495 654 2571 oberrere,
675 2496 748 2558 telis
763 2497 861 2556 solum
874 2517 891 2554 a
904 2498 1006 2578 procis
1021 2498 1055 2556 in
1070 2498 1204 2578 coniugii
1218 2498 1320 2576 pignus
1333 2489 1400 2558 (Μ’,
1414 2499 1428 2536 ¹

365 2579 438 2638 solis
454 2590 576 2661 accepte
588 2590 760 2662 perlatoque
773 2581 1018 2662 nupturientibns
1032 2583 1123 2643 luisse
1137 2581 1268 2644 leminis.
1309 2579 1428 2658 praetem

367 2665 575 2726 contendimus
593 2666 748 2747 religionis
767 2667 824 2728 ista
844 2667 991 2746 insignis,
1013 2688 1073 2727 non
1095 2668 1252 2728 muliebris
1272 2670 1376 2722 tantun
1389 2656 1427 2748 ‘l‘

366 2750 465 2810 civilis
475 2761 598 2812 ornetus
611 2753 731 2812 monilia
746 2751 854 2831 luisse,
875 2755 988 2834 quippe
1000 2773 1076 2833 queo
1090 2760 1163 2816 θεῖα
1176 2745 1375 2830 ἐπικώμια,
1390 2733 1427 2833 ‘il'

363 2835 587 2915 vinoefornaoe
600 2837 758 2920 impressus
774 2848 827 2898 eut
843 2838 1009 2921 insculptas
1027 2839 1231 2919 praeferrent,
1252 2843 1282 2895 et
1294 2828 1384 2892 merito
1393 2819 1424 2877 ¹4

364 2920 446 2981 circo
464 2932 647 2983 nocerentur
671 2918 736 3004 lepti
748 2917 939 3007 περιάμματα
956 2945 1047 2984 sacra
1062 2925 1212 2983 meleta.
1253 2927 1379 3002 putamus
1388 2922 1425 2963 tt·

362 3015 425 3066 tem
452 3005 556 3080 illum,
584 3010 668 3068 cuius
689 3012 914 3068 Centecuzenus
936 3009 1085 3087 meminit,
1113 3009 1322 3069 Remorum
1341 3005 1425 3055 Μ’·

357 3083 512 3171 ‘Populos
527 3091 600 3169 ἔθος
613 3113 674 3152 non
689 3095 727 3153 ed
744 3104 832 3174 pecte
846 3094 991 3175 nuptialia
1006 3093 1131 3177 proprie
1145 3093 1330 3162 restrictum,
1346 3068 1424 3140 ‚elad

363 3195 453 3236 omne
474 3176 533 3236 lete
551 3178 731 3258 pertinuisse
752 3181 987 3240 conventionum
1006 3199 1115 3259 genus,
1134 3179 1178 3240 ita
1195 3189 1231 3240 nt
1242 3195 1281 3237 ex
1293 3169 1424 3232 morunt·

362 3259 434 3319 dine
454 3261 875 3343 constantinopolitanorum,
895 3265 1077 3345 quicumque
1095 3265 1218 3345 quidvis
1235 3259 1353 3322 invitm
1369 3261 1423 3334 1²¹⁰ss

361 3343 516 3406 mitterent
534 3365 569 3406 ao
588 3348 821 3429 stipularentur,
841 3369 933 3410 manu
953 3351 992 3410 ad
1009 3359 1115 3430 pectus
1134 3350 1256 3410 admota
1268 3334 1423 3403 2110va

361 3438 476 3490 attactu
495 3432 689 3512 pendentium
700 3435 763 3495 illic
777 3455 931 3496 sacrorum
952 3437 1150 3496 smuletornm
1190 3430 1294 3495 olliciti
1304 3424 1379 3486 fidem
1389 3413 1422 3514 ἦ·

362 3525 483 3592 cerem,
506 3517 588 3596 quod
607 3518 815 3590 Centeeuzeno
838 3521 949 3581 dicitur
971 3520 1121 3600 ἐμπεδοῦν
1136 3545 1195 3601 την
1208 3517 1313 3601 πρᾶξιν
1329 3513 1422 3590 autent

361 3597 526 3684 θυμβᾶσεις
544 3596 590 3665 δι’
613 3601 790 3687 dyxolnlosv.
832 3615 863 3666 et
882 3605 950 3686 quis
972 3606 1030 3665 scit
1045 3625 1084 3665 en
1098 3625 1162 3664 non
1177 3605 1248 3665 inde
1262 3593 1335 3679 apud
1353 3587 1422 3646 ⁰⁰⁰⁶

361 3686 495 3748 denteles
511 3707 630 3768 quoque
643 3687 828 3750 Christianos
846 3690 1026 3766 invsluerit,
1048 3691 1132 3771 quod
1149 3690 1240 3750 hodie
1251 3688 1284 3746 in
1296 3666 1421 3741 mulli*

361 3792 430 3832 mus
442 3791 517 3849 esse,
540 3782 575 3832 ut
586 3793 677 3832 menn
693 3777 809 3854 pectori
821 3775 942 3836 edmote
955 3775 1028 3835 lidse
1041 3775 1128 3837 verbi
1141 3785 1194 3836 eut
1204 3770 1283 3856 pecti
1294 3756 1421 3849 confidi*

361 3858 435 3916 turi
477 3867 538 3918 tem
555 3857 753 3920 nniversslern
774 3881 865 3940 porro
880 3861 974 3921 luisse
993 3860 1241 3922 consuetudinem
1256 3839 1419 3934 Orientalium

363 3941 600 4004 Christianorum
613 3944 749 4022 gestandi
768 3945 940 4005 huiuamodi
955 3946 1112 4024 religionis
1127 3946 1225 4025 signe,
1245 3949 1277 4001 ut
1291 3929 1420 3996 wi*

361 4031 422 4082 tem
436 4025 602 4104 induceret,
613 4048 756 4108 epparsre
769 4039 868 4109 potest
881 4051 919 4090 ex
933 4050 969 4090 eo
981 4030 1065 4110 quod
1075 4039 1182 4091 noster
1193 4025 1290 4090 innuit
1302 4019 1346 4112 ll
1355 3996 1417 4112 ⁰353

361 4105 501 4169 distribui
516 4114 609 4192 gretie
623 4113 726 4175 solitus
740 4115 887 4175 militibus
903 4116 1067 4197 σεβασμίις
1080 4109 1198 4190 εἰκόνας
1218 4125 1317 4171 encrat
1327 4103 1417 4156 ‘W’

361 4209 435 4269 quus
448 4195 591 4286 videlicet
604 4218 620 4258 e
634 4200 713 4260 collo
727 4219 884 4280 suspensae
898 4201 931 4260 in
943 4201 1014 4260 fidei
1028 4221 1063 4260 ιο
1073 4201 1215 4280 religonis
1226 4201 1351 4282 tow?
1361 4187 1418 4278 pon

359 4283 470 4340 terent
512 4279 594 4344 dicet
607 4284 686 4346 torte
702 4283 846 4348 adversus
858 4284 1004 4348 haetenua
1018 4294 1131 4348 stetuta
1145 4283 1274 4366 erqutior
1283 4269 1417 4355 ΜΨ·
