3125 4900
494 170 646 247 μοι
684 138 961 245 messenen
1206 176 1282 249 ece
1384 124 1394 137 ‘⁵
1460 280 1468 295 ι

186 334 359 417 opponendi
371 334 405 397 in
416 334 554 399 versione
565 332 799 422 comminuor
817 339 966 401 vocabulo
986 338 1280 422 Latinmprriecaea-

184 426 263 481 toria
277 440 397 483 nemen.

269 500 395 569 πύλαι
431 503 484 569 aei
512 501 614 569 πύλπ
641 528 673 588 p.
698 508 809 576 θθόν.
831 514 882 577 18.
929 506 983 569 llic
1005 528 1111 570 vocem
1130 504 1279 591 ἆρορυλας

184 590 409 651 emendavimus
429 590 543 653 iudicio
563 592 719 671 ayntexia,
753 614 824 654 cum
843 590 1022 675 ύρπρυλοες,
1043 594 1125 673 quod
1139 596 1172 655 in
1186 593 1276 657 codd.

182 676 255 737 Bet
268 676 304 753 t,
322 674 466 737 Vaticano
488 676 660 754 omittente,
682 676 852 758 legebatur,
873 679 1021 758 quadrare
1039 680 1078 737 ael
1091 699 1197 739 vocem
1214 678 1277 742 πύ-

182 764 238 836 λας
258 780 321 821 non
340 770 446 841 potcat.
488 760 582 843 proba
599 761 632 821 in
649 760 730 823 hunc
751 764 851 824 locum
871 773 916 823 eat
929 758 1124 843 παράφρασις
1138 763 1276 824 Vaticani

34 875 39 906 ι
121 852 125 857 ’
184 846 296 906 codicia
307 845 354 907 luia
365 846 480 907 verbio:
500 844 554 909 aul
571 842 670 921 notae
692 848 725 911 iv
745 853 811 924 ταῖς
834 846 956 931 nituere
974 846 1069 930 ἤγουν
1084 844 1179 911 ύλυου
1191 850 1274 928 (lego

181 926 304 1003 ἅλυσιν)
326 933 455 1011 σιδηρᾶν
473 929 526 1013 πολ
547 927 674 1011 λσχυρύε
694 927 894 1007 κατεσκεύαζε.
935 953 997 993 nou
1020 953 1090 1011 crgo
1103 943 1208 1012 portae
1221 942 1275 994 aut

179 1016 286 1077 valvae
301 1036 340 1075 ex
352 1017 431 1076 ferro
447 1016 558 1077 aolidae
568 1017 778 1095 intelligendae
789 1017 840 1078 hic
852 1021 952 1079 tuerer
972 1038 1069 1097 neque
1088 1017 1167 1077 enim
1179 1018 1212 1077 id
1225 1020 1274 1078 ei-

178 1100 227 1160 nit
244 1100 290 1160 rei
312 1101 462 1161 aubiectae
480 1110 597 1165 natura.
639 1122 719 1180 non,
743 1104 884 1182 inquam,
904 1104 1023 1184 portui,
1044 1110 1080 1162 ut
1097 1102 1201 1162 domui
1220 1112 1274 1163 aut

178 1184 316 1245 conclavi
331 1186 440 1246 obduci
452 1184 583 1246 aolidum
598 1189 706 1247 octium
719 1198 829 1268 poteat.
871 1186 924 1268 qui
935 1190 1014 1248 euim
1026 1196 1079 1246 aut
1090 1188 1196 1267 quibua
1205 1207 1274 1247 mo-

175 1270 274 1329 liendi
294 1270 439 1331 machinis
456 1281 556 1331 tantm
579 1272 746 1333 latitudinis
765 1282 865 1353 poetea
886 1283 997 1344 οεεεειῑ,
1021 1282 1134 1352 quanta
1148 1273 1272 1352 explere

176 1364 271 1434 atque
282 1358 439 1434 obturare,
463 1376 553 1437 quam
567 1366 649 1417 vaate
661 1356 740 1434 hiet,
763 1358 899 1419 valerent
907 1368 1005 1419 totum
1019 1377 1054 1415 oa
1068 1368 1186 1436 portua,
1208 1376 1270 1435 quo

175 1460 301 1519 magnae
315 1461 350 1501 ac
361 1442 467 1519 longae
479 1462 572 1501 navea
584 1442 761 1523 praelongoa
774 1442 846 1503 hinc
857 1442 927 1503 inde
936 1441 1150 1523 protendentea
1161 1460 1270 1517 remea,

175 1542 288 1605 eaeque
302 1545 361 1585 non
375 1526 537 1606 ringularea
550 1527 603 1587 aed
621 1526 721 1607 plurea
731 1528 882 1589 interdum
894 1528 994 1603 eimul,
1014 1527 1129 1587 aditum
1142 1529 1271 1587 exitum-

176 1628 236 1688 que
250 1610 358 1671 habere
372 1612 562 1673 commodum
574 1612 722 1673 debeaut'l
737 1632 806 1691 ergo
814 1611 865 1672 laio
878 1622 980 1673 noetm
993 1632 1060 1671 cum
1071 1606 1169 1684 πύλας
1178 1611 1270 1686 dixit,

174 1696 399 1756 intellecturum
412 1698 533 1777 putavit
544 1697 722 1777 prudentem
736 1698 953 1758 lectoremtale
966 1697 1076 1757 catium
1092 1697 1173 1775 quod
1193 1716 1270 1773 por·

34 1846 40 1858 ,
175 1781 225 1839 tui
236 1780 404 1841 claudendo
416 1783 529 1863 apponi
542 1791 655 1863 poaeet,
677 1793 810 1843 catenam
825 1783 968 1843 nimirum
984 1783 1119 1843 feneam.
1160 1772 1271 1839 addam

108 1862 111 1867 ’
173 1863 228 1923 Ιεὶο
248 1866 319 1925 entia
335 1886 432 1927 raram
454 1868 607 1927 notionem
627 1867 765 1927 vocabuli
785 1862 865 1947 πύλη
888 1878 940 1927 nut
955 1862 1056 1940 πύλυ,
1077 1864 1162 1925 cuiua
1178 1884 1270 1925 uonna

173 1950 273 2029 reperi
289 1951 322 2011 in
339 1952 451 2011 Graeca
465 1952 603 2013 veraione
616 1952 794 2033 speciminis
814 1951 1157 2033 Sapientiae-ludorum,
1179 1970 1268 2028 quem

172 2034 284 2095 librum
299 2036 456 2097 Latinitate
473 2058 551 2099 ame
569 2036 711 2098 donatum
733 2036 806 2097 huic
820 2035 962 2096 luiatoriae
979 2035 1097 2115 imperii
1112 2032 1269 2094 Michaelia

172 2120 340 2199 Palaeologi
355 2123 496 2201 Auguati,
518 2142 535 2181 a
550 2142 608 2201 quo
623 2122 655 2182 id
671 2142 747 2203 opua
760 2122 793 2181 in
807 2122 935 2203 quadam
952 2122 1098 2181 concione
1112 2118 1266 2197 allegatur,

170 2202 296 2265 hortatu
308 2208 472 2267 amicorum
485 2217 627 2287 tanquam
642 2201 877 2289 πορεμπύρευμει
891 2205 1036 2267 adiunxi..
1070 2203 1113 2263 ibi
1124 2203 1157 2261 in
1169 2202 1268 2281 prima

171 2291 357 2370 praefatione
368 2291 608 2371 quaehiatoriam
625 2292 808 2353 inventionia
829 2300 860 2353 et
879 2289 1096 2372 deportationis
1118 2286 1267 2348 eiuelibri

172 2392 211 2433 ex
228 2375 314 2435 ludia
333 2376 366 2435 in
387 2377 535 2437 Persidem
557 2376 679 2455 recitat,
702 2377 807 2460 pagina
827 2376 940 2437 codicia
956 2396 1016 2455 quo
1037 2374 1144 2435 utebar
1157 2371 1266 2433 Graeci

171 2479 267 2534 nona,
288 2460 331 2520 aic
346 2462 473 2542 legitur:
496 2458 577 2544 πλὴν
595 2458 645 2525 tut
659 2457 692 2526 τύ
714 2482 762 2526 σοι
779 2457 907 2542 docenio
924 2457 1063 2541 λήψομαι
1078 2460 1151 2539 μίαν
1163 2453 1265 2521 citou

99 2542 101 2550 ’
170 2543 205 2608 ix
217 2549 278 2608 τῶν
287 2543 474 2626 ύφοεσμύτοον
486 2553 541 2628 τῆς
553 2541 656 2626 acione
671 2544 844 2619 Φουὶοεύυ,
865 2549 919 2610 ἵνα
927 2547 962 2610 ἐν
974 2541 1053 2630 nicei
1074 2537 1266 2622 ὅοξοσθήσο·

171 2653 225 2710 μοι
239 2624 321 2712 πύγύ
334 2627 442 2706 δοῦλός
457 2651 512 2694 σου
525 2632 559 2695 lo
570 2625 654 2717 πύορ
666 2635 705 2716 τῇ
719 2632 874 2716 συγγενείᾳ
883 2653 952 2714 μου.
984 2625 1090 2709 totino
1100 2623 1134 2690 eli
1148 2625 1167 2689 t
1179 2629 1265 2708 Περ·

170 2711 226 2790 ζωὲ
238 2714 271 2778 la
283 2719 343 2778 τοῖν
358 2718 520 2796 βασιλικῶν
531 2716 657 2796 iumine
670 2725 727 2776 etc.
768 2714 859 2774 inhia
871 2715 972 2776 verbia
984 2715 1115 2794 primum
1125 2711 1262 2770 occurrit
1277 2721 1301 2774 P
1318 2720 1370 2774 ert

169 2800 371 2879 quaerendum
385 2801 458 2881 quid
476 2803 517 2860 eit
532 2796 614 2863 πύλα
633 2799 666 2862 ἐκ
680 2794 956 2880 cciv-alernatim·
997 2816 1068 2856 nom
1076 2806 1186 2874 portae
1200 2815 1262 2852 1¹⁰·

168 2883 229 2962 tio,
258 2906 333 2964 quoe
358 2886 501 2946 ueturolia
524 2895 568 2946 eet
593 2881 693 2972 πύλῃ,
715 2903 805 2965 quam
825 2883 878 2944 hic
892 2884 931 2944 ait
946 2881 1157 2960 intempestive
1170 2898 1259 2939 nemo

166 2989 230 3030 nou
246 2971 336 3030 videt.
379 2971 500 3034 omnino
521 2971 739 3050 agnoacendum
761 2979 807 3031 eat
829 2963 912 3031 πύλπ
928 2966 978 3028 hic
994 2986 1050 3046 pro
1060 2959 1158 3026 πεύλα
1175 2964 1259 3044 poai-

166 3063 234 3115 tum
249 3050 397 3118 επεύσσω
404 3057 488 3136 plico
501 3057 641 3133 involvo,
661 3065 697 3115 ut
707 3055 852 3116 volumen
863 3061 916 3114 aut
927 3070 1035 3132 acapue
1048 3049 1139 3130 panni
1154 3049 1259 3109 cuina-

164 3139 248 3220 piam
266 3140 326 3199 hoc
339 3141 485 3212 vocabulo
497 3161 579 3201 nunc
590 3139 779 3219 significetur.
822 3139 949 3200 fundum
961 3137 1056 3198 laebeo
1070 3135 1260 3194 coniecturae

165 3224 370 3301 Euatathium,
391 3227 443 3306 qui
459 3225 496 3286 ad
511 3227 598 3286 illum
611 3244 730 3296 veroum
743 3224 813 3290 411¹
826 3224 928 3284 lliadie
948 3229 982 3299 θ,
997 3213 1133 3304 πρύεροε
1146 3216 1180 3282 tt
1193 3213 1257 3281 πύ·

165 3315 235 3393 λροε
250 3303 441 3390 πολυπτύχου
453 3305 641 3391 ούλύμποεο,
662 3311 706 3371 aic
718 3318 843 3370 annotat
860 3329 892 3389 p.
910 3313 973 3374 721
994 3307 1041 3366 ed.
1055 3307 1141 3367 Rom.
1161 3327 1257 3382 παρη·

164 3399 294 3475 χηεεειύε
311 3393 345 3457 ὄλ
365 3417 431 3469 πως
448 3391 471 3477 ἢ
490 3395 709 3478 λευμολογεποῖς
724 3387 902 3476 coniecerat
921 3391 946 3472 ei
960 3389 1042 3472 πύλη
1058 3390 1110 3454 καλ
1128 3385 1256 3453 inuti·

165 3495 293 3558 πευχος·
313 3475 396 3564 nauel
414 3475 449 3545 τύ
468 3476 612 3545 omrem
632 3476 690 3562 γύρ
712 3477 765 3542 noi
784 3475 896 3560 ἄμφω,
920 3479 974 3541 ἵνα
994 3470 1018 3562 ᾗ
1039 3470 1258 3571 πολύπευχοςύ

164 3559 345 3640 πολύπυλος.
386 3563 462 3626 haec
473 3566 543 3640 ille;
562 3566 594 3625 in
607 3564 714 3644 quibua
730 3562 817 3625 videa
828 3559 930 3643 πύλην
947 3556 1121 3625 antioona
1134 3558 1255 3634 dedum,

164 3648 277 3709 extrito
292 3648 451 3711 aubiuncto
470 3673 496 3713 r.
537 3649 644 3711 addam
660 3671 698 3710 ex
718 3649 877 3711 occaaioue
892 3647 930 3708 de
950 3667 1050 3727 pauno
1071 3643 1255 3704 hicmemo-

163 3742 233 3794 rato
244 3733 311 3816 pegi
325 3733 501 3811 monton,
521 3735 602 3815 quod
616 3734 648 3795 in
663 3735 717 3795 illo
729 3733 870 3795 videlicet
888 3751 966 3814 pago
983 3740 1151 3792 texeretur:
1173 3727 1255 3786 torta

162 3819 355 3880 indonatum
375 3821 499 3900 vulgare
519 3840 629 3881 nomen
650 3817 741 3880 hodie
756 3818 790 3878 in
806 3817 905 3879 Gallia
927 3817 1021 3898 pantu
1044 3813 1198 3874 cuiuadam
1214 3829 1253 3869 ex

161 3905 304 3985 goaaypio
326 3905 421 3984 texti,
438 3905 520 3986 quod
531 3906 691 3985 sonaim,
703 3905 889 3985 suetonium
906 3903 1086 3983 appellatur.
1126 3917 1165 3956 ox
1180 3914 1253 3955 cou-

162 3989 357 4068 acquentibua
371 4011 462 4069 pono
482 3991 582 4052 verbia
598 3990 776 4069 intelligitur
800 4009 893 4069 genno
912 3987 973 4048 hoc
992 3984 1087 4065 panni
1101 3982 1180 4060 regie
1198 3987 1254 4041 eut

160 4073 260 4153 regiae
270 4076 400 4136 familiae
409 4075 514 4138 'uaibue
526 4077 617 4138 fuiaae
633 4084 837 4149 remeatum,
865 4073 908 4132 ita
930 4082 967 4131 ut
980 4069 1085 4130 aeatiri
1109 4087 1252 4133 eo-nemo

161 4169 264 4239 poaaet
279 4159 344 4222 aine
358 4181 499 4222 conceeeu
520 4160 668 4244 peculiari
693 4160 779 4240 regie.
822 4159 903 4220 unde
917 4157 1118 4216 characterem
1130 4151 1255 4212 haberet
