3125 4900
416 277 496 350 ue.
509 263 568 350 ut
606 281 975 360 cuaouoroerors
1176 287 1250 358 755

191 499 211 530 Ι,
593 447 767 510 coniuratio
801 451 1021 551 deprehenea'
1010 471 1043 512 ιιι
1072 450 1248 532 Augustum,

248 536 510 586 elambuere
551 533 636 594 cuiue
674 535 840 614 suspicione
874 538 962 597 etiam
1000 537 1140 598 Arrenius
1175 539 1248 598 exul

308 597 331 658 2
453 601 475 664 7
548 618 732 698 aspergitur.
767 619 821 680 aad
849 622 898 682 ille
928 623 1129 684 innocentium
1162 644 1247 684 auom

307 869 327 929 3
450 873 471 935 8
588 869 753 950 Imperator
763 868 996 931 hreemauorum
1008 873 1135 934 achiama
1146 877 1246 956 repri-
1263 889 1351 946 [³535

545 973 627 1015 mere
644 964 779 1016 conatur.
822 957 885 1016 eiua
898 975 931 1016 ea
946 956 984 1016 de
996 975 1030 1016 ra
1045 959 1084 1018 ad
1096 961 1243 1041 populum

544 1041 652 1104 oratio.
692 1040 833 1121 Pachym.
849 1039 938 1108 411.

585 1124 653 1186 Hoc
665 1146 744 1186 auno
754 1125 935 1186 translatum
947 1127 1129 1188 Germanum
1143 1148 1160 1187 a
1172 1129 1242 1190 aede

541 1207 839 1291 Adrianopolitaua
829 1232 862 1272 ιιι
884 1213 1240 1296 constantinopolitanam

541 1297 728 1358 veririruiliua
740 1309 828 1377 puto.

582 1380 658 1442 llam
678 1380 712 1441 id
734 1403 773 1441 ne
789 1384 902 1442 sactum
914 1381 1079 1442 existimem
1092 1404 1171 1444 anno
1185 1404 1239 1444 au·-

541 1467 665 1546 periori,
685 1467 759 1528 lacit
771 1469 920 1548 primum,
941 1469 1022 1545 quod
1039 1489 1107 1528 cum
1122 1469 1239 1528 Arrenii

537 1551 682 1618 iudicium
693 1553 864 1614 abaolutum
877 1552 970 1612 suerit
984 1553 1040 1612 eub
1053 1554 1143 1612 linem
1156 1554 1236 1628 Maii,

537 1646 574 1697 ut
603 1638 712 1698 diserte
736 1638 831 1698 tradit
858 1637 1070 1717 Pachymeree,
1106 1641 1236 1719 epatium

537 1723 619 1801 quod
635 1722 760 1782 indeed
776 1723 855 1783 diem
866 1725 1063 1800 Pentecosten,
1080 1743 1139 1802 quo
1156 1724 1236 1783 idem

536 1807 747 1886 inauguratum
755 1809 937 1869 Germanum
948 1809 1086 1884 affirmat,
1098 1829 1165 1869 cum
1173 1829 1236 1867 non

534 1895 669 1972 potuerit
681 1913 742 1953 esee
754 1895 822 1974 plue
837 1915 926 1973 quam
939 1903 1008 1954 octo
1024 1893 1155 1968 dierum,
1178 1913 1235 1952 an-

534 1978 646 2057 guatiua
662 1989 708 2039 eat
724 2000 815 2058 quam
830 1988 868 2040 ut
883 1997 987 2059 capere
998 1979 1093 2058 poerit
1107 1978 1234 2056 inquiri-

533 2064 647 2130 tionem
659 2074 691 2125 et
701 2064 945 2124 deliberationem
957 2063 1073 2144 ayuodi,
1086 2072 1152 2122 tum
1167 2064 1233 2122 euf-

532 2148 633 2228 srugila
660 2151 693 2209 iu
722 2151 897 2210 electionem
927 2149 1068 2208 Germani
1097 2149 1229 2228 perlatis,

531 2233 648 2316 longam
663 2237 726 2296 eiua
736 2256 793 2294 nec
804 2235 861 2295 ulai
872 2255 926 2316 per
938 2235 1049 2294 multoe
1062 2233 1124 2292 dieu
1135 2235 1231 2292 itera-

531 2319 571 2377 tie
599 2319 787 2400 imperatoria
811 2321 948 2400 precibus
970 2320 1081 2378 victam
1102 2318 1230 2395 denique

529 2406 755 2466 recusationem.
788 2405 928 2466 credibile
943 2405 1030 2464 etiem
1044 2411 1090 2463 eet
1103 2411 1229 2464 cuncta-

529 2490 666 2551 bundum
684 2491 795 2570 alioqui
810 2500 840 2551 et
858 2493 1104 2569 circumspectare
1120 2498 1230 2549 cuncta

527 2576 648 2635 eolitum
669 2576 878 2655 imperatorem
898 2574 982 2634 bautl
1004 2575 1103 2634 atatim
1121 2594 1229 2635 ausum

527 2660 707 2717 aubatituere
717 2659 808 2717 alium
816 2657 949 2733 arsenio,
960 2660 1132 2736 priusquam
1142 2678 1228 2717 mora

528 2750 560 2800 et
572 2744 755 2822 experientia
767 2742 959 2821 comperisset
970 2742 1001 2800 id
1014 2760 1044 2799 ee
1057 2751 1126 2801 tuto
1139 2752 1170 2799 et
1180 2742 1226 2801 ci-

526 2834 576 2885 tra
597 2826 749 2906 publicum
773 2825 963 2885 offensionem
987 2826 1146 2885 facturum.
1189 2846 1227 2885 ac

527 2930 595 2971 cum
610 2912 726 2991 perlato
739 2911 847 2970 nuntio
862 2911 899 2971 de
913 2928 1032 2969 ueaenau
1046 2908 1224 2969 Antiocheni

524 2996 722 3075 patriarchae,
743 3016 761 3053 ι
775 3016 836 3075 quo
849 3005 886 3056 ut
897 2995 1032 3055 viciniori
1046 2996 1144 3054 timeri
1154 2994 1223 3074 plue

523 3090 643 3159 poterat
664 3102 754 3160 quam
775 3082 814 3141 ab
836 3080 1039 3140 Alexandrino
1058 3088 1124 3139 toto
1144 3080 1222 3139 mari

523 3166 630 3242 diviso,
645 3167 792 3227 animatur
806 3166 844 3226 ad
860 3166 1033 3225 audendum
1043 3166 1153 3239 luisset,
1168 3184 1219 3223 rc-

520 3252 674 3313 tardatum
687 3261 789 3317 tamen
800 3260 881 3311 metu
894 3251 1027 3311 sactiouia
1036 3251 1219 3311 Araeniano-

520 3358 600 3417 rum,
614 3358 739 3403 numero
753 3346 785 3397 et
797 3337 911 3398 vinbua
925 3336 1115 3415 augescentie,
1126 3356 1216 3413 quam

521 3423 561 3491 ad
578 3422 821 3503 comperceudaur
840 3422 930 3481 rariia
944 3422 1059 3481 artibus
1070 3422 1217 3481 incubuit.

518 3507 690 3570 existimatu
710 3517 811 3568 autem
830 3508 1009 3567 invalescere
1027 3506 1109 3565 illam
1124 3526 1215 3565 anar-

518 3594 586 3653 chia
600 3609 631 3653 et
642 3594 728 3673 longa
742 3594 897 3653 vacatione
911 3592 1004 3667 aedis,
1026 3590 1137 3671 populo
1155 3611 1213 3670 pa·-

517 3688 626 3739 ctorem
646 3689 779 3739 amotum
804 3678 873 3739 ideo
896 3678 1021 3738 fortasse
1040 3677 1212 3755 requirente

516 3766 599 3843 quod
616 3774 801 3845 preeuntem
817 3764 1061 3841 qualemcumque
1078 3782 1141 3821 non
1162 3760 1212 3822 vi-

516 3850 616 3927 deret,
638 3850 803 3915 decreverit
823 3849 1002 3915 Germanum
1022 3866 1210 3925 promovere,

514 3936 609 3999 fidum
624 3936 679 3994 aibi
690 3944 721 3994 et
735 3934 837 4014 vulgo,
857 3944 893 3995 ut
906 3932 1074 4014 apparebat,
1094 3932 1209 4011 gratio-

513 4040 579 4080 eum
593 4019 752 4080 homiuem.
778 4040 839 4098 quo
852 4021 883 4079 in
899 4017 1125 4099 patriarchalem
1138 4035 1209 4077 eve·-

513 4115 563 4165 cto
575 4104 729 4177 thronum,
750 4125 819 4164 cum
833 4104 925 4165 nihilo
937 4104 1054 4182 aeguiur
1067 4102 1208 4162 Artenia-

512 4210 620 4251 uorutu
634 4190 735 4251 studia
748 4191 876 4268 flagrare
892 4196 1062 4270 pergerent,
1086 4188 1208 4247 absolu-

510 4276 625 4339 tionem
644 4276 682 4337 ab
701 4296 737 4337 aa
758 4275 831 4337 dare
856 4276 926 4336 lieet
946 4282 1052 4357 parato
1077 4272 1205 4336 uoluen't
