3125 4900
337 371 415 447 566
643 367 880 439 OBSERVAT.
900 363 1139 436 Plenum.

338 559 413 604 nera
425 536 502 600 nihil
512 535 712 598 honorificum
725 547 780 596 aut
798 543 887 596 tanto
901 533 1017 615 fastigio
1040 533 1162 614 ὤμοιο
1176 529 1320 594 habentis
1331 539 1452 594 setus-

339 626 404 689 rioa
418 625 519 705 potius
532 642 567 682 ac
582 621 720 700 vulgares
732 621 844 681 smibm
856 621 907 681 vel
926 619 966 694 acl
979 639 1129 680 summum
1147 618 1289 682 tabitlarii
1300 617 1450 678 custodes

340 710 474 770 deceant.
514 707 601 787 longe
619 708 707 767 aliter
724 705 994 768 Thessalonicensis
1012 708 1142 786 Symeon
1161 703 1237 784 quid
1250 703 1452 764 maturitatis

339 795 420 854 circa
438 792 629 854 matrimonia
640 791 861 874 chartophylax
875 791 1043 852 exercuerit
1056 790 1172 852 indicat
1188 789 1237 849 his
1252 789 1368 852 nubis:
1389 789 1451 852 sai

339 875 379 943 ed
394 883 455 944 seir
467 873 574 960 ripae
584 878 719 959 νομίμως
734 877 887 959 φροντίζει
897 879 1047 959 plemeus.
1089 888 1126 935 ut
1137 877 1272 956 legitim
1290 875 1450 934 celebres-

340 976 396 1024 tur
407 966 606 1023 matrimonia
618 973 718 1027 curat.
759 981 853 1043 porro
862 961 1049 1022 institutione
1067 959 1193 1038 Christi,
1214 960 1268 1038 qui
1280 960 1449 1020 maimo-

341 1048 428 1112 nium
442 1068 481 1110 ex
493 1049 574 1110 civili
586 1055 745 1110 contrecta
756 1047 789 1107 in
800 1055 1018 1108 sscrsmentum
1032 1047 1148 1122 evexit,
1170 1054 1207 1107 nt
1215 1044 1250 1106 id
1262 1045 1319 1105 rite
1331 1063 1450 1126 perps-

340 1143 444 1196 tretur
462 1153 538 1215 opus
553 1142 600 1193 est
613 1153 697 1194 sacra
711 1133 810 1213 alique
826 1131 1012 1193 ecclesiatici
1029 1131 1158 1192 ministri
1176 1131 1346 1208 functione,
1369 1150 1447 1209 qua,

341 1229 380 1281 nt
398 1220 553 1280 Evasistus
575 1219 794 1298 antiquissimus
817 1218 952 1299 pontifex
979 1218 1063 1298 epist.
1082 1215 1122 1278 sd
1142 1217 1269 1298 episcop.
1286 1216 1449 1277 Africsnoa

341 1303 495 1384 loquitur,
515 1303 661 1364 nubentes
673 1323 730 1362 suo
746 1313 877 1384 tempora
888 1301 1134 1382 sacerdotaliter,
1155 1311 1191 1362 ut
1211 1322 1277 1361 mos
1288 1313 1348 1378 est,
1372 1323 1450 1361 cuam

339 1389 486 1472 precibus
499 1401 528 1448 et
544 1388 751 1448 abidianihua
764 1409 786 1448 a
807 1386 963 1448 sacerdote
981 1387 1206 1449 benedicantur.
1246 1385 1335 1448 huius
1346 1387 1451 1448 bens-

344 1475 485 1534 dictionis
496 1473 617 1534 effectus
628 1474 694 1554 quis
715 1473 768 1552 sit,
798 1473 887 1534 docet
898 1473 1018 1534 Sinicius
1031 1474 1105 1534 item
1115 1472 1251 1554 pontifex
1266 1471 1391 1553 epistola
1404 1471 1451 1532 sd

343 1559 511 1622 Himerium
526 1559 778 1620 Tarraconensem
796 1577 822 1618 c.
839 1558 875 1638 4,
896 1559 949 1620 ubi
962 1559 1163 1638 interrogans
1183 1560 1214 1616 si
1227 1555 1451 1638 desponsatam

343 1645 407 1704 aiii
424 1645 563 1724 puellam
582 1645 661 1703 alter
679 1647 714 1703 in
729 1646 962 1704 matrimonium
974 1647 1076 1726 possit
1090 1647 1244 1724 accepera,
1265 1642 1452 1724 respondet:

344 1729 404 1790 hoc
416 1730 523 1810 nefiat
537 1727 785 1789 modisomnibus
795 1729 975 1808 inhibemus,
995 1731 1073 1810 quia
1085 1729 1145 1790 illa
1157 1727 1328 1805 benedictio,
1344 1749 1452 1808 quarn

344 1827 502 1895 nupturae
515 1814 659 1875 sacerdos
678 1817 809 1896 inspersit
834 1813 924 1897 apud
934 1813 1065 1895 fideles,
1091 1815 1252 1896 sumilegii
1271 1816 1370 1872 uanae·
1389 1826 1451 1892 ese,

345 1903 378 1960 si
389 1901 457 1962 ullu
468 1903 708 1982 transgressione
721 1900 862 1966 violetur.
903 1899 983 1960 hanc
992 1899 1229 1962 benedictionem
1240 1898 1451 1979 praesentibus

345 1985 380 2047 in
406 1985 527 2046 ecclesia
549 1987 664 2067 sponsis
687 2006 705 2046 a
730 1987 885 2047 secerdote
907 1985 1035 2047 conferri
1054 1984 1249 2066 antiquissimi
1269 2003 1325 2066 per
1341 2004 1450 2048 omnes

347 2071 485 2130 ecclesias
495 2071 586 2131 moris
597 2080 651 2132 est
670 2071 781 2132 concil.
788 2070 973 2151 cnrffisglv
979 2071 1139 2132 cinxlll.
1168 2089 1300 2150 sponms
1310 2081 1339 2130 et
1350 2092 1450 2152 apon-

348 2177 388 2216 sa
403 2177 473 2216 oum
485 2154 678 2216 benedicendi
695 2165 771 2216 sunt
790 2177 812 2216 a
824 2153 994 2235 sacerdota,
1015 2178 1037 2216 a
1047 2155 1231 2238 parantibus
1244 2158 1311 2216 suis
1326 2157 1448 2237 velpa-

348 2241 530 2322 ranymplsia
541 2241 718 2324 offerantur.
760 2243 831 2320 qaia
845 2262 919 2303 vero
934 2241 1063 2322 episcopi
1076 2251 1119 2302 est
1138 2241 1292 2322 designare
1306 2241 1449 2302 umrdo-

348 2333 426 2400 tem,
450 2345 538 2404 quem
552 2326 738 2405 pofissimm
753 2327 829 2387 velit
849 2326 908 2387 ista
932 2346 1016 2386 sacra
1035 2327 1115 2388 circs
1129 2327 1267 2406 coniuges
1279 2325 1449 2387 monis

347 2409 477 2489 defungi,
491 2408 677 2490 petrisrchse
691 2409 1010 2492 constantinopolitani
1019 2409 1097 2473 hanc
1107 2412 1228 2494 proprie
1240 2429 1343 2473 curam
1358 2411 1450 2473 ehar-

347 2494 503 2574 tophylaci
513 2495 577 2554 sive
589 2495 764 2555 cancellario
777 2517 832 2557 sno
844 2496 1107 2570 demandaverent,
1128 2508 1165 2559 nt
1178 2498 1227 2559 vel
1239 2498 1303 2579 ipse
1316 2516 1373 2579 per
1387 2516 1450 2559 nee

349 2579 465 2659 sponsis
483 2577 543 2639 hoc
564 2579 654 2639 modo
677 2580 881 2659 benediceret,
908 2582 959 2642 vel
983 2584 1167 2645 sacerdotem
1190 2584 1311 2662 eligeret
1338 2584 1393 2663 qui
1415 2583 1450 2643 id

349 2665 480 2741 faceret,
500 2665 575 2724 adeo
587 2672 624 2725 ut
635 2665 712 2726 citra
729 2666 793 2727 eins
814 2684 965 2728 nmmum
984 2688 1020 2728 sc
1041 2668 1155 2729 iussam
1174 2668 1275 2729 nullus
1294 2668 1450 2751 presbytt

349 2747 459 2839 iirite
478 2769 514 2809 ac
530 2750 659 2829 legitime
675 2759 777 2832 posset
795 2770 888 2833 agere.
930 2752 990 2815 hoc
1006 2762 1052 2813 est
1070 2752 1152 2833 quod
1170 2754 1259 2815 (lecet
1272 2752 1324 2813 hic
1335 2764 1449 2831 nuta,

352 2832 428 2894 dnm
438 2834 480 2894 ait
491 2829 660 2920 προνόμιον
677 2854 741 2898 esse
759 2835 1000 2920 chartophylacis
1016 2834 1050 2904 ai
1064 2844 1248 2923 sposponaic
1264 2836 1385 2903 isaim
1396 2834 1450 2915 ede

351 2918 519 3005 ispolopfac
532 2922 682 3004 χίνοοθοι.
722 2942 783 2983 non
802 2924 1034 3001 sinesacuitate
1055 2944 1096 2984 ae
1111 2922 1260 2985 mandato
1279 2926 1346 2984 eius
1357 2921 1451 2983 adisi-

352 3004 419 3064 bers'
431 3008 551 3087 sponsis
561 3027 584 3067 a
600 3004 754 3068 sacerdote
770 3008 836 3069 ulio
849 3009 1006 3089 nuptiales
1022 3006 1247 3071 benedictiones.
1288 3026 1383 3089 qnare
1400 3008 1452 3069 ille

314 3110 323 3121 ’
353 3087 476 3163 alceris
489 3086 720 3175 ίεμὲωνδςίίχο
734 3096 790 3173 τῆς
804 3098 859 3157 τοῦ
871 3090 1096 3177 χομτοφῦίοκοο
1109 3096 1284 3179 προτροπῆς
1296 3094 1452 3175 νυμφίους

289 3243 294 3252 ,
354 3173 420 3254 ispo
448 3169 456 3192 '
474 3196 511 3251 aa,
531 3173 673 3236 sacerdos
690 3174 821 3259 puidam
831 3182 888 3260 qui
901 3182 983 3239 citra
994 3178 1179 3240 mandatum
1189 3202 1229 3240 ac
1239 3189 1350 3239 nutum
1364 3178 1453 3239 altw-

354 3256 449 3336 tophy
506 3261 512 3275 '
535 3264 656 3339 mensis
670 3260 876 3340 benedixerat,
895 3266 1092 3345 suspensionis
1104 3265 1144 3325 ob
1158 3264 1192 3324 id
1205 3284 1301 3347 poene
1312 3272 1359 3324 est
1370 3264 1452 3324 mul-

221 3350 225 3356 '
353 3346 438 3399 tatas
447 3383 457 3417 ,
477 3351 513 3403 nt
526 3362 599 3404 mox
616 3344 810 3427 Pachpmeres
826 3348 986 3429 subiungit
1028 3359 1074 3409 est
1091 3350 1183 3431 igitur
1202 3350 1353 3433 ίεροίογίο
1367 3368 1452 3409 sama

351 3424 470 3485 functio
481 3428 643 3491 mundetis
654 3432 734 3493 circa
744 3452 884 3514 sponsos,
905 3434 1026 3514 qnando
1039 3435 1072 3495 in
1085 3435 1208 3496 molesia
1222 3436 1280 3496 rite
1295 3435 1453 3495 matriano-

353 3509 407 3570 nio
426 3508 607 3591 iungentum
631 3515 666 3578 id
683 3517 768 3595 quod
786 3518 901 3579 dudum
922 3528 1010 3580 antu
1030 3538 1079 3579 me
1105 3520 1249 3581 domarat
1268 3518 1454 3601 Nicephoraa

354 3593 522 3675 Bryennins
534 3598 643 3660 Csesm
652 3600 708 3661 sub
720 3602 811 3665 finem
827 3604 897 3664 libri
910 3604 951 3665 111
963 3607 1247 3667 commentas-isram
1265 3625 1284 3665 a
1296 3625 1344 3665 me
1356 3624 1454 3685 nuper

356 3679 524 3757 editorum,
543 3683 599 3745 ubi
617 3706 743 3746 narrans
763 3688 927 3769 illegitimas
943 3690 1061 3770 nuptias
1072 3701 1180 3753 contre
1194 3710 1282 3753 omne
1292 3692 1337 3752 iss
1349 3698 1453 3751 atten-

356 3774 473 3826 tatass
496 3766 652 3831 Botanine
673 3772 811 3834 invasore
828 3774 945 3855 inperii
964 3794 1040 3836 eum·
1055 3775 1150 3837 Maria
1174 3776 1310 3857 Augusta
1329 3776 1454 3855 coniuge

357 3848 510 3912 hlicheilis
524 3852 623 3916 Duces
640 3857 714 3917 solio
726 3858 876 3921 deturbati
892 3860 992 3921 adhue
1004 3862 1136 3923 rimatis
1145 3906 1154 3938 ‚
1176 3864 1286 3932 refert.
1311 3880 1381 3921 cnm
1392 3860 1454 3923 iam

291 4011 296 4026 Ι
358 3938 461 4015 sponsi
474 3938 561 4000 ambe
578 3942 610 4001 in
625 3942 775 4005 ecclesiam
788 3946 958 4025 vomunt,
980 3947 1165 4007 namnetem
1184 3948 1237 4026 qui
1252 3947 1294 4007 ad
1304 3966 1369 4006 eam
1380 3944 1456 4005 fan-

358 4021 489 4082 ctionem
504 4027 699 4105 peragendam
715 4038 839 4109 peratua
856 4031 954 4091 fuerat
971 4027 1012 4115 (f
1022 4029 1137 4110 μέίίον
1148 4028 1204 4113 mlv
1227 4032 1389 4113 μνηστείαν
1410 4052 1456 4094 ae·

357 4102 454 4188 ίίοοο)
468 4108 616 4191 collegisse
632 4130 665 4173 ae
677 4121 708 4174 et
718 4124 865 4193 quantam
877 4116 986 4197 piaculi
998 4118 1192 4179 eomciscsmt
1200 4124 1405 4197 repetentem,
1427 4116 1453 4175 si

357 4185 522 4286 bipsmam,
543 4196 627 4259 cuius
640 4199 730 4259 etiam
742 4199 873 4263 omne·
885 4220 964 4262 uxor
983 4200 1085 4263 adhuc
1093 4203 1226 4279 vianet,
1244 4222 1315 4263 cum
1331 4200 1455 4261 maier-e
1530 4266 1531 4269 Ἴ

354 4290 439 4372 cutus
448 4276 520 4337 item
526 4284 652 4353 maritus
663 4284 764 4347 adhuc
775 4294 924 4365 superstes
937 4296 1022 4365 suet,
1043 4288 1236 4349 ecclesiam
1247 4286 1454 4348 benedictione

252 4352 344 4417 ΝΜ
360 4372 566 4443 mmmm,
588 4379 761 4435 masten
772 4390 834 4434 esse
850 4372 972 4453 prodire
984 4374 1139 4437 sneltaai.
1181 4380 1454 4436 tuncautemcon-
1529 4456 1530 4461 ἵ
