3125 4900
362 346 420 411 DE
443 345 652 428 uflcHtEnE
676 347 959 417 PdeEOLOGO
985 351 1021 416 L.
1040 348 1072 426 l.
1216 353 1263 423 37

158 521 318 600 νιλακῆναι
342 524 388 606 τῷ
406 518 660 609 μνημονευομίνρ
674 519 706 596 ἔς
720 516 768 585 ὅτι
784 515 921 603 μάλιστα
937 518 1084 606 ἄριστον,
1112 518 1193 589 ὥστε
1212 525 1264 589 καλ

155 621 351 705 παμπληθές
371 619 557 688 ἐκινδύνευεν
579 621 804 708 εὐεργετεῖσθαι
828 624 873 708 μὴ
899 622 948 690 ὅτι
969 623 1044 700 τούς
1067 622 1262 708 ψάλλοντος,

155 721 238 788 ὐλλιὶ
256 726 308 789 καλ
325 722 439 803 αὐτούς
454 733 516 792 τῶν
528 724 634 810 ὐμνιον
648 726 880 811 ἀκροωμένους,
906 725 964 794 κᾶν
980 735 1044 795 τῶν
1059 726 1263 814 προκοιτούν-

154 852 220 892 των
236 819 278 910 ἦν
293 852 339 904 τις
351 827 408 893 κᾶν
426 835 488 894 τῶν
504 825 689 916 ὁπλοφόρων
704 833 754 895 καί
768 827 1119 918 σωματοφυλακούντοιν
1137 839 1183 921 τῷ
1198 839 1263 916 βα-

129 937 255 1010 sarlei,
278 929 335 997 κίὶν
349 931 451 1008 ἄλλως
465 929 631 1019 ὐπηρετοίη
647 944 714 1010 τοῖς
724 936 909 1015 βασιλείοις,
937 933 995 1000 κύν
1012 934 1114 1011 ἄλλως
1124 934 1261 1003 ἄλλοθεν

153 1029 311 1100 ἐπελθών.
361 1041 438 1101 πᾶσι
462 1035 522 1122 γὰρ
546 1038 578 1115 ἐξ
598 1036 668 1102 λ’σοιι
690 1036 727 1103 ud
747 1037 909 1122 βασιλικὸν
921 1034 1148 1122 ὐνεξαντλιὶτιος
1160 1038 1298 1124 ίχεοενο

155 1135 239 1214 ἔλεος
246 1186 259 1216 ,
288 1134 495 1223 στρατιώταις
510 1140 675 1225 δὲμᾶλλον
687 1141 739 1206 κοιλ
753 1137 801 1217 οἷς
820 1137 838 1207 ὃ
854 1137 945 1224 λόγος
957 1140 994 1207 τύ
1009 1138 1195 1223 σαούιλασμα
1209 1136 1258 1226 ἦν.

153 1237 276 1326 οὐγὰρ
298 1233 337 1324 ἦν
358 1237 476 1328 ἦμίρα,
500 1242 537 1310 οὐ
558 1239 615 1320 νύξ
623 1293 633 1324 ,
655 1242 692 1310 οὐ
704 1243 811 1328 καιρύς
825 1244 1021 1327 deruptae,
1047 1240 1106 1327 οὐχ
1121 1243 1188 1328 ὥρα
1199 1237 1262 1327 γα·

154 1348 230 1424 ρᾶς,
269 1342 327 1408 οὐκ
347 1343 523 1412 ὐνατίλλιον
543 1345 649 1430 ἥλιος,
686 1345 724 1414 οὐ
747 1341 913 1432 ὐύὐμενος,
947 1345 999 1413 ὅτε
1021 1371 1068 1422 τις
1090 1345 1262 1434 εὐεργεσίας

118 1464 146 1516 10
153 1449 223 1530 ὐίχα
244 1445 307 1512 τὸν
326 1445 444 1514 ἄνακτα
453 1498 465 1530 ,
475 1447 512 1535 ἢ
527 1441 560 1516 εὐ
574 1451 687 1526 ἐκεῖνος
701 1446 828 1535 adezer
842 1449 863 1536 ἢ
876 1449 980 1518 ἄλλων
995 1450 1035 1516 εὐ
1048 1450 1102 1516 ίσα
1121 1447 1260 1535 πασχόν-

150 1575 234 1630 των,
269 1544 346 1637 δρᾶν
360 1549 379 1637 ἢ
395 1555 445 1616 καί
461 1549 583 1619 ὐκούειν
596 1551 666 1638 εἶχε.
718 1562 858 1632 τοιοῦτος
872 1556 907 1620 δὲ
921 1552 966 1621 ὦν
978 1552 1080 1641 βαρύς
1093 1553 1178 1632 itote
1190 1563 1259 1630 τοῖς

150 1652 181 1719 ἓν
195 1653 298 1732 τίλει,
321 1651 368 1720 ὅτι
383 1653 419 1720 οὐ
434 1655 506 1722 κατ’
521 1655 670 1742 εὐγένειαν
683 1659 734 1724 καλ
748 1661 844 1744 κῆδος
853 1656 1015 1742 βασιλικὸν
1027 1656 1106 1725 ὐλλύ
1120 1656 1258 1742 ὐριστίν-

149 1758 207 1840 δην
228 1757 308 1833 τούς
325 1757 375 1822 lul
392 1763 454 1824 τῶν
471 1758 661 1847 πραγμάτων
674 1759 866 1846 ἐκλεγόμενος
881 1771 948 1838 τοῖς
960 1758 1171 1846 προσήκουσιν
1188 1759 1296 1826 lul-D

147 1885 268 1940 μνυνεν
291 1856 476 1942 ἀξιώμασιν.
529 1859 575 1938 οίς
595 1865 807 1945 ὐὲισννίβαινε
827 1864 1024 1950 νιροσγενίσιν
1050 1861 1126 1929 είναι
1152 1866 1204 1928 καὶ
1228 1857 1263 1928 οὐ

116 1976 141 2030 15
149 1963 231 2050 πρὸς
249 1963 385 2042 αἵματος
393 2009 403 2040 ,
431 1960 533 2045 ὐρκεῖν
549 1962 643 2047 ἔκρινε
658 1965 695 2029 τὸ
710 1973 852 2030 τοιοῦτον
865 1968 917 2030 καί
934 1965 1037 2031 leardo
1049 1968 1093 2040 εἰς
1105 1961 1193 2047 λόγον
1205 1988 1260 2030 σε·

145 2061 338 2146 μνώματος.
388 2061 424 2128 εὐ
448 2063 483 2127 δὲ
505 2055 560 2145 ἦν,
588 2066 614 2129 εί
638 2067 767 2148 σκοποίη
788 2089 850 2146 τις,
877 2064 990 2152 ἀρετὴν
1003 2066 1187 2153 ὐφίλλοντος
1199 2065 1259 2152 ι’ίρ·

145 2191 267 2250 χοντος
291 2166 343 2230 καὶ
367 2171 621 2250 παρακαλοῦντος
643 2166 723 2253 πρὸς
743 2167 940 2253 εὐδοκίμησιν
962 2167 1000 2234 τὸ
1022 2163 1169 2252 ὐνιῆκοον.
1219 2167 1258 2234 οὐ

149 2269 207 2356 γὰρ
232 2269 385 2352 βλακείας
404 2265 499 2355 χάριν
524 2267 597 2334 ἀλλ’
620 2269 776 2356 ἀριστείας
793 2273 844 2336 καί
864 2277 922 2337 τοῦ
942 2275 1047 2348 καλῶς
1069 2269 1207 2354 ἄγεσθαί
1222 2295 1258 2337 τε

149 2373 227 2461 πρὸς
255 2372 368 2438 ἐκείνου
390 2373 442 2438 eei
463 2370 547 2459 ἄγειν
567 2371 681 2453 ἄλλοις
695 2373 753 2453 τύς
764 2374 929 2459 βασιλικὰς
943 2375 1127 2464 φιλοτησίας
1141 2373 1255 2464 ἔκρινεν

217 2576 261 2630 tu.
281 2566 372 2635 ἄλλος
388 2570 419 2625 Ρ.

152 2744 246 2811 gebat,
273 2743 299 2797 ei
321 2743 395 2797 cuiue
416 2744 540 2799 memorie
561 2742 742 2799 celebrabatur
757 2742 849 2797 leudee
865 2759 942 2815 quam
957 2742 1095 2798 acititeime
1110 2750 1252 2799 contexens

152 2812 314 2869 emetiealmu
333 2816 484 2883 preeruni03
510 2814 579 2884 quod
595 2820 647 2881 ten
664 2810 766 2865 liberali
784 2812 920 2881 largitione
936 2814 1100 2878 cumulabat,
1122 2819 1154 2866 ut
1175 2829 1252 2883 epar-

153 2898 215 2949 gere
240 2882 335 2952 peaeim
359 2883 386 2936 in
408 2882 516 3004 quoeris
539 2900 571 2937 uc
595 2898 678 2951 peeue
702 2880 830 2951 proiicere
854 2881 922 2935 doure
938 2882 1081 2936 videretur.
1116 2881 1182 2934 edeo
1199 2897 1251 2935 nou

154 2951 308 3018 paeleum,
333 2968 383 3005 uun
426 2960 501 3005 enter
521 2966 626 3022 opernm
652 2949 817 3015 canentibus,
841 2950 977 3003 induuntur
1001 2950 1172 3019 relinqueret
1204 2967 1251 3003 aen

155 3018 213 3087 quia
229 3020 256 3073 in
272 3022 446 3075 excubitorum
470 3021 575 3084 ordine,
601 3035 648 3073 ten
665 3020 692 3072 in
709 3019 849 3072 satellitum
865 3027 893 3072 et
909 3020 1026 3089 coeperit
1045 3019 1179 3071 cuetudum
1195 3035 1252 3071 aau-

154 3088 1090 3225 :tztnttdituitt‘utilitialimittit&
1103 3087 1251 3227 libili:

879 3194 888 3220 ἱ

154 3222 220 3293 gia·
238 3226 440 3282 beneficientiern
457 3229 625 3292 extendebat,
643 3227 736 3280 militen
753 3225 907 3297 praesertim
924 3232 952 3281 et
966 3224 1097 3279 literarum
1113 3226 1251 3281 etudiueoa.

156 3310 203 3346 uon
221 3294 288 3349 enim
306 3312 373 3361 nor,
399 3314 449 3350 nen
466 3298 538 3362 dieo,
562 3314 611 3349 uon
635 3302 736 3366 temput
754 3302 892 3362 mucetum,
915 3312 967 3347 uon
984 3296 1048 3349 born
1064 3295 1174 3364 laetior,
1197 3312 1249 3350 nou

156 3362 238 3417 orient
255 3364 312 3428 eol,
338 3382 388 3419 uon
405 3367 525 3420 occident
541 3366 625 3437 iprum
642 3370 775 3419 recentem
796 3382 813 3417 e
829 3364 1013 3419 berreluclendo
1037 3368 1173 3437 reperiret
1208 3366 1250 3418 ui·

156 3430 226 3485 deret
252 3434 408 3503 audiretque
432 3436 502 3489 circe
520 3452 578 3489 eum
595 3451 697 3504 temper
713 3444 759 3486 aut
775 3432 822 3501 qui
839 3450 929 3487 munna
945 3434 1111 3519 ucciperent‚
1132 3439 1179 3488 aut
1203 3434 1249 3502 qui

155 3510 257 3585 eccepto
279 3504 449 3570 recederent,
471 3504 514 3576 qui
531 3521 581 3557 non
598 3504 697 3557 iruatru
713 3508 846 3573 peterent,
874 3505 918 3575 qui
941 3515 1008 3557 nucu
1026 3505 1096 3574 quod
1112 3503 1250 3557 uoluerunt

156 3580 248 3635 ςτιῑιιι
266 3580 386 3640 egerent.
419 3584 498 3645 etque
515 3574 556 3626 bic
573 3580 658 3627 temen
676 3572 735 3626 talio
751 3589 808 3627 oum
824 3581 896 3627 ercet
910 3574 1065 3642 imperatur,
1084 3572 1175 3656 prurit
1190 3576 1250 3623 eret

157 3638 304 3705 primoribus
326 3658 475 3727 procerum,
497 3643 595 3696 idcirco
612 3642 680 3711 quod
697 3642 723 3694 in
740 3642 927 3696 demendundie
941 3644 1115 3712 preelectum
1131 3656 1183 3694 nou
1200 3655 1250 3708 pe-

156 3706 220 3761 tricii
243 3726 349 3778 geuene
374 3719 419 3764 eut
441 3712 637 3765 neceueitudinie
653 3728 708 3765 cum
725 3711 863 3782 principali
880 3713 955 3765 douo
970 3712 1096 3765 rationem
1122 3708 1250 3771 beberet3

156 3774 197 3827 red
220 3796 347 3849 quemque
364 3782 460 3835 viritim
477 3798 510 3836 ex
525 3780 635 3852 proprie
650 3781 811 3851 praestantia
834 3782 958 3850 veniaque
980 3780 1087 3834 dotibua
1102 3776 1249 3841 uettimane,

158 3843 304 3903 admovebat
320 3847 362 3901 rei
378 3852 508 3919 gerendae
525 3850 559 3903 ed
576 3866 653 3919 quatu
669 3858 746 3933 uptun
762 3856 836 3913 erut,
851 3866 885 3903 ec
901 3849 999 3903 meritie
1016 3846 1188 3915 dignitatibua
1203 3862 1248 3898 or·

158 3914 238 3993 pubet.
271 3916 390 3987 cogentia
414 3938 476 3975 veru
501 3936 534 3973 eo
556 3920 753 3987 consanguinei·
777 3918 833 3973 cuia
857 3920 982 3973 ccuaebut
1002 3916 1128 3969 sulficere
1150 3915 1246 3969 debere

157 3988 228 4037 totum
251 3986 372 4041 uuteliuru
396 3990 531 4054 bonorem,
568 3994 597 4040 et
626 4003 696 4040 auem
721 3994 817 4041 rorum
839 4004 872 4042 ec
896 3985 1075 4041 claritudinem
1107 3984 1246 4054 prorepiue

157 4048 255 4105 ebunde
269 4072 378 4123 maguae
400 4058 536 4127 diguitatia
560 4057 618 4110 luco
641 4056 743 4108 ducere.
777 4056 806 4107 id
824 4064 908 4111 autern
926 4053 1089 4109 etindiclum
1106 4055 1245 4108 etinctum

157 4126 224 4183 eret,
241 4122 263 4173 ai
279 4124 339 4191 quie
355 4136 428 4181 recte
444 4125 637 4189 conciderent,
653 4123 777 4207 principie
794 4125 917 4180 virtutem
933 4123 1120 4194 promoventia,
1140 4132 1168 4177 et
1184 4141 1247 4193 pro-

157 4190 268 4266 tocautie
283 4195 401 4250 tubditoa
417 4196 449 4249 nd
467 4196 580 4249 eludium
598 4210 679 4247 ιιιοιιιτ
696 4210 773 4246 verne
790 4194 883 4248 laudie.
906 4210 957 4245 nun
974 4192 1039 4245 euim
1056 4198 1248 4247 unctornmcute

157 4260 275 4325 enectine,
297 4264 342 4316 aed
369 4264 411 4318 vel
432 4265 516 4318 nudie
534 4265 576 4319 vel
593 4262 707 4333 prnemie
729 4260 849 4315 heroicae
864 4262 973 4315 virtutia
988 4262 1101 4319 illuatret
1117 4280 1177 4317 eaac
1191 4278 1248 4315 euu-

159 4325 293 4399 cicuitu„
316 4350 383 4403 quot
399 4336 439 4390 ite
455 4342 484 4389 et
500 4330 552 4389 illie
567 4335 668 4389 dentum
685 4332 781 4387 debere
801 4330 924 4387 committi
939 4332 1097 4391 decemebet
1111 4331 1157 4404 qui
1173 4338 1203 4385 et
1218 4344 1249 4383 ae
