3125 4900
312 262 388 335 582
611 260 848 331 OBSERVAT.
872 258 1111 329 remman

311 430 390 493 forta
404 428 460 491 iux
479 426 566 489 nobie
585 447 603 487 a
622 426 718 487 Plinio
734 426 864 508 poterit,
885 426 937 505 qui
952 424 1008 491 hii
1026 446 1054 486 o.
1066 428 1109 493 30
1127 422 1314 487 nan-naam
1340 422 1428 508 (nini

312 536 398 577 error
417 517 449 575 in
466 514 613 593 acriptura
635 510 698 593 eet)
721 531 826 572 eorum
846 513 999 572 civitatem
1015 512 1093 571 inea
1108 510 1303 571 oraeolloeat
1323 532 1427 590 qnam

311 602 391 663 idem
412 598 518 663 deinde
541 618 566 661 c.
580 602 623 664 32
645 596 796 676 athynia
818 598 988 657 unireraam
1013 597 1102 657 doeet
1121 596 1303 673 habitatam
1333 598 1428 657 unda

312 685 396 765 quod
416 685 449 743 in
470 683 568 743 media
587 682 703 763 Thynia
723 691 821 743 essent
834 683 920 743 facile
934 681 1104 763 Menothyni
1118 702 1136 741 a
1150 682 1272 742 Graecia
1285 682 1346 742 diei
1358 703 1430 763 po-

312 770 436 831 tuerint
466 788 557 846 aque
570 768 749 847 etymologia
761 768 785 828 ai
798 768 865 847 qnia
878 767 1039 828 abhorreat
1052 768 1092 827 ob
1108 768 1326 847 discrepantem
1338 768 1427 828 aori·

311 864 435 939 pturam
451 854 549 932 vocis,
570 852 687 933 Thynia
702 872 756 932 per
768 874 791 933 y
803 854 930 934 aeripta‚
952 852 1092 913 aThinia
1107 852 1283 932 Paehymeri
1297 872 1428 916 memo-

311 948 398 1015 rata,
420 958 510 1017 quam
535 938 585 999 ille
606 939 717 1017 ubique
736 938 817 1019 peri
833 940 951 1017 scribit,
973 938 1101 1015 aooipiat
1118 940 1202 998 aliud
1216 938 1428 1016 veriloquium

311 1026 346 1087 in
372 1023 525 1093 Strabonis
545 1022 715 1084 testimonio
735 1023 903 1085 fundatum.
946 1025 971 1084 ia
993 1022 1204 1089 eniml.181n
1220 1024 1349 1083 Troadis
1362 1024 1427 1083 da·

311 1110 474 1259 {hiim
488 1108 1025 1255 {detinemini
1035 1109 1428 1255 ninivem?

312 1282 386 1357 qnia
407 1238 485 1339 enim
504 1281 559 1342 div
577 1280 663 1339 littna
684 1240 804 1340 Graecia
825 1290 929 1358 aonat,
949 1276 1109 1340 Halizonea
1127 1214 1330 1340 intereiition
1346 1280 1430 1340 hine

313 1366 446 1428 fluminio
458 1363 563 1443 Aeaepi
580 1362 651 1423 hino
665 1365 856 1446 Propontidis
868 1370 952 1427 eitam
963 1366 1114 1445 regionem
1127 1366 1292 1425 inoolantea
1307 1365 1429 1425 merito

312 1454 503 1533 μεσοθινῖται
526 1450 597 1509 dieti
615 1449 736 1511 suerint
778 1470 835 1511 nee
853 1452 1017 1517 omittenda
1031 1470 1070 1510 ex
1085 1450 1237 1510 oceaaione
1254 1450 1429 1511 dadmtio

314 1536 374 1597 looi
389 1534 486 1595 noatri
502 1535 632 1595 auotoria
654 1554 678 1599 o.
693 1540 714 1601 9
735 1536 755 1597 l.
770 1542 805 1614 1,
827 1538 876 1597 cui
890 1556 967 1615 qnae
981 1536 1033 1595 hie
1045 1536 1177 1597 diximus
1190 1537 1285 1595 saoem
1299 1538 1429 1616 praesa-

313 1628 399 1682 runt.
429 1616 581 1680 'scribitur
594 1619 635 1679 ibi
648 1620 706 1681 aie:
726 1615 794 1685 τότε
807 1619 846 1702 dai
860 1622 981 1686 καὶτοῦ
997 1615 1207 1705 Hoioeoio'yoo
1221 1621 1266 1696 ric
1277 1618 1429 1703 κεφαλὴν

313 1703 494 1789 τεταγμένου
535 1706 689 1780 tendantne
709 1705 762 1769 καὶ
784 1702 888 1771 adreio
906 1700 1078 1788 imtpdaoe
1097 1706 1215 1771 nataae
1228 1704 1430 1790 προστάξαν-

314 1730 730 1956 nnninttn'
739 1784 1430 1939 amman

315 1960 536 2041 praefecturam
555 1962 612 2021 aibi
633 1962 775 2022 creditam
798 1964 1002 2024 Romanarum
1024 1963 1178 2043 copiarum
1199 1972 1306 2023 eontra
1324 1962 1429 2022 ltaloa

314 2046 532 2129 pugnantium,
560 2048 708 2109 monitum
729 2068 748 2108 a
768 2049 847 2129 Coty
872 2048 1003 2130 quodam
1023 2048 1063 2107 de
1084 2038 1208 2108 coneilio
1229 2048 1428 2128 imperatoria

317 2150 479 2191 exoaeoere
499 2132 597 2211 iprum
617 2134 749 2212 parantia
760 2134 868 2213 sugiaae
879 2154 947 2195 cnm
960 2134 1108 2194 monitore
1121 2134 1154 2193 in
1163 2134 1323 2195 Paraidam.
1369 2133 1428 2192 aad

315 2216 392 2295 qnid
413 2216 472 2279 ribi
489 2217 556 2277 vult
576 2218 658 2295 quod
677 2218 867 2299 Palaeologne
886 2221 930 2294 εἰς
947 2214 1087 2301 κεφαλήν
1108 2218 1284 2301 τπαγμδνος
1308 2218 1428 2279 dieitur

343 2302 497 2374 εσοθινὶας
515 2300 567 2363 nai
588 2296 690 2364 odaria
710 2296 887 2383 ὄπτιμᾶτων.
928 2305 1071 2365 traditam
1087 2304 1132 2365 illi
1149 2306 1242 2365 foiaae
1257 2305 1428 2384 regendam

351 2384 528 2444 eaothiniam
541 2386 728 2466 provinciam
742 2389 825 2450 nulla
840 2408 969 2468 nequam
986 2390 1055 2450 alibi
1069 2398 1114 2451 eat
1127 2390 1250 2451 mentio.
1290 2398 1324 2450 et
1345 2410 1428 2470 pro-

229 2537 233 2546 .
316 2469 448 2568 vinciam
460 2469 510 2528 hio
524 2472 585 2530 aive
598 2472 748 2551 regionem
761 2477 940 2556 μεσοθινίας
952 2477 1100 2537 vocabulo
1111 2475 1255 2552 indicari,
1273 2475 1329 2536 vix
1341 2479 1427 2536 serat

260 2619 263 2624 ,
316 2563 461 2614 oonhnne
476 2553 616 2615 adiuncta
628 2557 738 2618 mentio
761 2562 961 2640 optimatum,
982 2561 1147 2641 etquidem
1163 2581 1231 2621 enm
1241 2565 1428 2642 pronomina

317 2644 474 2721 ipsorum,
495 2640 548 2703 καὶ
561 2635 663 2706 αὐτῶν
673 2639 856 2725 ὄπτιμᾶτων.
899 2645 973 2725 qnid
983 2646 1035 2707 hio
1050 2647 1201 2708 dioemne’i
1242 2645 1326 2707 aliud
1338 2667 1425 2724 rana,

317 2733 480 2808 postquam
492 2727 586 2791 molta
600 2727 770 2808 diaqniaivi,
794 2751 857 2791 non
874 2733 1007 2792 occurrit
1019 2731 1076 2792 niai
1089 2733 1269 2815 μεσοθινίαν
1282 2732 1336 2792 hie
1347 2733 1426 2814 poni

319 2830 378 2893 pro
393 2810 507 2890 legione
527 2813 655 2891 quadam
674 2825 828 2896 autperto
843 2817 1046 2878 Romanarum
1068 2819 1222 2898 oopiarnrn
1235 2837 1274 2877 ex
1286 2818 1324 2878 iia
1343 2837 1427 2878 oon·

318 2897 394 2956 flata
413 2895 555 2958 militiam
576 2897 629 2977 qui
649 2899 860 2961 Merothinitae
877 2903 995 2983 vulgari
1012 2903 1111 2983 lingna
1134 2903 1320 2964 dioebantor.
1362 2903 1426 2964 hoo

318 2982 444 3042 videtur
456 3002 512 3043 noa
526 2982 633 3044 docere
645 2997 748 3046 noster
760 2996 881 3064 auctor,
903 2989 1043 3049 dumille
1060 3007 1086 3050 o.
1098 2992 1141 3053 27
1157 2989 1177 3054 l.
1192 2989 1214 3052 4
1231 2990 1274 3049 aio
1286 2989 1426 3066 loquitur

318 3085 360 3126 ax
379 3067 516 3132 versione
534 3078 651 3147 noatra,
673 3071 711 3130 de
729 3073 870 3136 Romania
885 3092 973 3154 agana
985 3075 1077 3154 oopiia
1094 3073 1282 3134 validiaaimia
1302 3075 1426 3134 loannia

320 3151 461 3229 deapotae
485 3152 590 3213 ductui
610 3155 773 3235 permiaaia:
791 3157 987 3238 conflabatur
998 3158 1051 3220 hic
1061 3161 1208 3220 exercituo
1224 3181 1260 3218 er
1276 3158 1426 3242 differen-

321 3235 409 3293 tibue
423 3238 599 3314 corporidua
610 3251 638 3300 et
651 3243 734 3302 velut
747 3243 885 3324 collegiis
903 3245 1040 3304 militum
1060 3289 1069 3309 .
1084 3289 1093 3305 .
1107 3287 1116 3304 .
1130 3287 1139 3305 .
1161 3265 1257 3304 unum
1275 3258 1343 3304 ame
1353 3248 1426 3306 Pa.

318 3319 542 3402 phlegonioum
563 3368 571 3384 .
587 3369 595 3385 .
611 3369 642 3387 ..
664 3323 758 3386 alind
776 3349 847 3387 oum
865 3339 893 3388 et
914 3335 1017 3410 praem
1039 3328 1238 3389 multitudine
1257 3340 1327 3390 tum
1343 3335 1379 3393 vi
1395 3341 1425 3389 et

322 3415 390 3466 arte
406 3418 568 3488 praeetana
588 3409 714 3489 bellica,
735 3435 769 3470 ax
781 3413 1005 3492 Haliwnibue‚
1027 3437 1103 3496 quoa
1114 3415 1331 3474 Merothinitaa
1348 3417 1427 3477 vul·

320 3511 399 3572 gare
412 3489 498 3549 dieat
510 3491 636 3554 idioma.
666 3516 703 3555 en
716 3499 790 3576 quid
804 3499 979 3560 hierothinia
991 3499 1066 3560 haee
1078 3501 1168 3560 inerit
1180 3501 1229 3560 eni
1242 3509 1319 3561 tune
1330 3521 1425 3581 praa-

275 3635 277 3642 ,
323 3576 439 3656 poaitua
450 3575 576 3637 nichae!
586 3569 772 3662 palaeologus
788 3585 825 3643 ab
838 3585 1017 3668 imperatore
1037 3585 1148 3645 suerat:
1169 3607 1232 3646 non
1250 3587 1350 3665 regio,
1367 3585 1424 3646 aed

323 3661 399 3740 legio
413 3665 574 3742 μεσοθινία
587 3665 761 3746 Pachymeri
777 3669 871 3744 diota,
892 3670 1069 3751 compendio
1086 3671 1255 3732 militariter
1266 3671 1426 3750 loquenti-

324 3745 459 3806 boatum
473 3749 552 3808 forte
569 3752 694 3828 uaitat0;
715 3756 802 3833 quale
819 3757 952 3817 adhiberi
965 3756 1113 3835 hodieque
1124 3757 1228 3816 videre
1239 3776 1287 3816 me
1299 3756 1425 3816 memini

277 3867 280 3875 ,
324 3831 358 3890 in
374 3830 598 3894 narrationibus
619 3838 801 3918 praeliorum
812 3853 867 3902 ant
880 3843 1134 3922 oppugnationum
1146 3843 1179 3902 in
1192 3852 1294 3901 noatra
1315 3843 1423 3919 Gallia,

324 3915 379 3974 nbi
399 3917 541 3996 legiones,
562 3921 708 3982 Navariea
728 3929 855 4006 exempli
872 3947 961 3987 oauea
973 3928 1023 3988 vel
1037 3928 1266 4001 Nortmannica,
1285 3927 1423 3988 Navarra

325 4009 358 4059 et
373 4001 567 4066 Nortmannia
582 4007 639 4066 dici
654 4029 715 4068 non
728 4028 799 4071 raro
812 4015 960 4092 leguntur.
1000 4013 1059 4072 iam
1082 4013 1153 4072 aetia
1177 4011 1319 4072 cohaeret
1339 4012 1424 4092 qnod

326 4084 467 4164 additur,
489 4091 541 4154 uni
555 4087 656 4156 nitria
667 4087 851 4175 ἆπιιμᾶτων,
872 4099 904 4157 in
920 4119 980 4176 quo
995 4097 1102 4158 modun
1113 4099 1177 4178 ipae
1187 4097 1333 4177 loquendi
1348 4118 1423 4178 gra·

326 4169 476 4240 dationem
489 4175 613 4246 indioat.
656 4187 692 4239 nt
705 4179 818 4260 aliquid
831 4184 956 4263 amplius
970 4183 1041 4243 licet
1053 4184 1085 4242 in
1100 4183 1206 4243 eodem
1218 4203 1324 4264 genere
1340 4184 1424 4262 opti·

325 4263 420 4316 mater
433 4257 489 4350 iati¹
501 4261 590 4324 suinae
611 4265 823 4347 intelligantur.
864 4287 971 4352 nempe
990 4289 1051 4329 non
1070 4269 1167 4328 aolum
1183 4269 1347 4349 imperator
1362 4267 1424 4329 tli-
