3125 4900
402 266 479 339 652
697 264 931 336 OBSERVAT.
953 266 1189 335 recurunt

400 434 495 531 insin
511 430 602 493 titulo
616 450 699 493 more
714 432 839 533 pntiqno
856 448 945 491 auum
958 428 1165 511 praesoribms
1178 451 1290 531 nomen
1304 430 1499 531 Albanesine

399 516 1498 683 t:ttthllllthtf‘tttttttlltim-ln

354 744 359 757 ,
396 690 534 749 resistere
555 708 643 748 ausus
667 698 809 748 conatum
826 688 942 747 remisit
959 686 1085 749 iuvandi
1107 688 1190 765 eiua,
1222 688 1280 767 qui
1301 708 1368 749 sua
1397 692 1497 771 seipse

395 776 546 855 scriptura
560 772 764 839 convinceret.

479 880 508 937 p.
524 862 585 923 281
611 878 642 919 v.
666 863 718 924 24.
760 859 889 917 einietm
915 852 953 915 de
978 858 1130 917 Gemmro
1157 852 1293 915 tudina
1345 854 1415 915 hoc
1440 857 1496 918 lots

395 941 593 1022 Pacbyrneres
605 944 684 1003 iuter
698 943 910 1003 enumerandas
922 941 984 1002 odii
995 941 1150 1024 popularis
1170 942 1204 999 in
1225 942 1427 1001 Germanum
1441 964 1496 1001 ιιι

394 1048 442 1087 ιιι
456 1048 546 1087 unam
559 1046 597 1087 ex
611 1029 779 1109 praecipuis
795 1029 923 1103 omittit,
954 1028 1037 1105 quod
1048 1026 1117 1107 paci
1137 1026 1341 1087 ecclmiamm
1359 1028 1496 1103 undere,

395 1114 475 1173 unde
491 1116 680 1191 postmodum
695 1114 730 1173 ab
741 1113 922 1194 imperatore
938 1112 1061 1172 Romam
1070 1112 1186 1191 legatus
1196 1111 1362 1189 negotium
1378 1132 1496 1173 coneor-

395 1197 461 1257 diae
481 1199 523 1258 ibi
548 1200 693 1275 confecit,
714 1209 808 1280 prout
825 1206 927 1257 noster
944 1206 1048 1257 namt
1068 1218 1098 1277 p.
1115 1196 1178 1263 884
1196 1196 1298 1261 v.15.
1346 1218 1448 1277 qnare
1467 1198 1497 1255 ad

395 1280 454 1342 boc
474 1291 572 1343 totum
597 1283 816 1345 conciliationis
837 1283 977 1343 ecclesiae
991 1283 1122 1343 Graecae
1135 1300 1203 1340 cum
1218 1281 1329 1341 Lstisae
1347 1285 1496 1361 negotiosa

288 1369 381 1429 1’45'1
398 1368 448 1428 vel
460 1368 696 1448 plurlmnmipre
712 1368 850 1429 contulit.
891 1386 961 1428 nam
974 1368 1046 1427 etin
1063 1365 1190 1427 coneilio
1204 1367 1414 1445 Lugdunensi
1426 1390 1496 1428 oon-

392 1452 504 1535 psruit‚
524 1454 601 1514 utin
614 1455 677 1514 aius
689 1474 791 1514 sacree
801 1452 1009 1513 oecumenicas
1020 1452 1129 1531 synodi
1144 1451 1228 1511 tetis
1240 1460 1382 1511 notatur
1395 1457 1494 1516 seat

394 1558 487 1620 porro
507 1547 663 1618 antequam
684 1541 722 1598 ad
736 1537 812 1599 hseo
825 1538 1030 1612 adhiberetur,
1053 1536 1265 1597 observaverit
1283 1537 1436 1597 videlieet
1449 1541 1495 1597 isa·

394 1632 516 1705 perator
529 1624 758 1704 propensionem
772 1622 887 1684 eiusad
899 1621 1036 1699 Latinos,
1057 1620 1293 1683 observaverant
1303 1633 1337 1681 et
1352 1623 1428 1691 alii,
1449 1624 1494 1701 qai

395 1708 509 1768 addicti
529 1708 683 1769 schismati
707 1710 746 1769 ob
767 1708 802 1767 id
824 1711 924 1787 ipsum
948 1726 1017 1767 eum
1043 1707 1171 1787 pessime
1194 1706 1328 1767 oderant
1353 1718 1390 1767 et
1405 1709 1492 1769 eides

392 1802 496 1875 postea
511 1793 699 1875 imputarunt
715 1793 864 1874 quidquid
886 1793 918 1852 in
938 1790 998 1851 hoo
1017 1812 1124 1871 genere
1144 1800 1249 1851 contra
1264 1810 1383 1852 eorum
1395 1804 1491 1853 votear

393 1878 528 1957 contigit.
569 1879 746 1959 Anonymus
765 1879 915 1953 ineditus,
942 1876 1030 1937 cuius
1050 1874 1220 1957 exemplum
1241 1886 1334 1936 extat
1353 1878 1441 1958 apud
1454 1878 1489 1938 ill.

390 1964 583 2025 strationis
601 1984 690 2044 opere
707 1965 744 2024 de
760 1962 1019 2024 Translationibus
1038 1964 1258 2042 episcoporum,
1282 1964 1404 2041 spirite
1419 1962 1488 2022 sebi·

390 2048 513 2109 smatioo
529 2058 675 2128 aestuans,
695 2048 769 2109 hsec
780 2048 902 2109 scribit:
923 2041 1203 2127 o’Adprosondlesse
1212 2044 1391 2128 Πρμινὸς,
1406 2048 1487 2111 ttae

388 2134 514 2211 κληθεὶς
526 2138 740 2215 Μαλχουτζᾶς,
763 2129 797 2209 ὃς
808 2132 861 2195 stul
878 2128 1068 2215 tersippus
1084 2131 1188 2214 γέγονε
1199 2130 1253 2194 set
1266 2130 1354 2195 mel
1368 2139 1432 2195 sair
1446 2129 1484 2194 α’-

387 2220 487 2299 cepoe
503 2218 637 2301 διωγμὸν
652 2218 771 2299 iaciente
783 2218 885 2300 plysn
912 2215 1157 2295 Adrionopoleoa
1169 2217 1360 2293 Germanus,
1384 2240 1482 2297 αις»

385 2304 696 2381 mentoMalelrnteua,
732 2306 765 2362 ui
779 2314 808 2363 et
819 2304 1022 2362 contuente
1032 2306 1125 2361 roseit
1134 2313 1162 2360 et
1174 2312 1284 2360 contro
1288 2304 1374 2382 pios
1389 2305 1481 2381 (immo

384 2384 492 2468 impios
510 2388 712 2448 schismaticos
736 2391 973 2469 persecutionem
984 2392 1079 2450 movit
1089 2406 1246 2468 magnum.

469 2493 500 2552 p.
516 2476 580 2539 282
592 2493 621 2532 v.
633 2479 683 2540 20.
729 2476 876 2533 Germani
889 2475 1026 2534 alteriue.
1067 2473 1127 2534 fuit
1142 2473 1194 2532 bic
1210 2482 1297 2532 retro
1310 2477 1440 2550 quintus
1453 2473 1480 2531 is

385 2557 461 2616 seria
475 2556 711 2638 patriarcharum
727 2559 920 2622 Graecorum.
963 2579 1032 2619 nam
1051 2559 1217 2618 Germanm
1232 2557 1479 2640 Adrianopclits·

384 2661 442 2702 nus
455 2643 599 2703 successit
612 2643 736 2703 Arsenio
743 2687 752 2720 ,
775 2644 918 2704 Arrenius
930 2643 1079 2720 bisuntii,
1100 2643 1220 2704 Maeuii
1232 2641 1406 2720 Methodio,
1426 2644 1477 2702 lde·

383 2725 505 2787 thodius
520 2727 666 2788 Germano
680 2729 819 2810 Nauplio.
849 2727 932 2788 hunc
945 2729 1046 2810 potius
1058 2737 1093 2787 ut
1102 2727 1154 2788 bio
1166 2728 1254 2787 innui
1268 2739 1385 2807 putem
1398 2750 1477 2808 quam

385 2812 477 2872 alium
489 2814 576 2892 longe
589 2815 803 2893 antiquiorem,
832 2823 968 2874 unctum
983 2813 1165 2873 Germanum
1176 2812 1302 2892 scriptis
1317 2815 1412 2874 editis
1425 2835 1476 2872 no-

384 2906 467 2975 tum,
489 2899 540 2978 qui
555 2920 633 2959 anno
648 2897 759 2960 Christi
779 2897 843 2965 714
859 2899 921 2959 kal.
941 2898 1183 2978 hugnetiloanni
1203 2899 1477 2979 Constantinopoli·

384 2991 456 3042 tano
470 2983 656 3064 patriarchae
667 2985 820 3060 successit,
841 2983 944 3043 suadet
955 2985 1128 3044 adiunctum
1142 2984 1319 3066 μακαρίτης,
1342 2986 1429 3064 quod
1442 2985 1477 3044 de

385 3069 511 3128 mortuis
524 3090 586 3129 non
599 3068 819 3174 vetustissimae
835 3069 993 3176 memprias
1007 3091 1024 3127 ι
1038 3069 1160 3130 Graecis
1172 3078 1352 3147 usurpatur.

382 3235 421 3296 n
434 3155 672 3303 cttlll:
688 3177 753 3304 ΑΨ
768 3168 859 3318 “tlt
877 3153 1475 3320 spernerent

382 3323 563 3382 aversandos
578 3323 796 3386 communionis
810 3343 915 3384 eorum
936 3344 1012 3405 qnos
1024 3323 1224 3397 heterodoxos
1235 3331 1288 3384 aut
1300 3323 1474 3386 schismati-

381 3425 433 3465 cos
447 3407 603 3486 putabant.
645 3411 762 3490 saepius
775 3419 960 3492 usurpantur
972 3410 1006 3470 in
1017 3408 1076 3470 hac
1088 3409 1232 3486 historin
1253 3409 1291 3469 de
1304 3430 1371 3489 quo
1387 3411 1472 3470 semel

379 3491 567 3554 admonuisse
581 3491 651 3554 setis
663 3495 759 3556 visum
774 3503 828 3554 est.

460 3599 491 3659 p.
505 3581 567 3644 304
579 3598 607 3638 v.
621 3581 650 3643 9.
694 3578 749 3638 Illa
769 3581 883 3639 Graece
902 3579 994 3642 verba
1008 3573 1063 3644 ὅσα
1082 3575 1134 3642 sei
1147 3573 1294 3657 ἆσφαλοῖς
1306 3573 1470 3662 &epafra-

377 3667 468 3739 σθαι,
490 3685 568 3744 quoe
587 3683 687 3722 secure
705 3663 942 3741 ostenderentur,
968 3676 1123 3744 utcunque
1143 3663 1248 3738 Letine
1264 3665 1404 3726 reddens
1417 3687 1469 3726 ea·

376 3747 490 3827 presai:
513 3757 597 3808 erant
612 3751 691 3808 enim
708 3750 741 3809 in
754 3760 884 3831 utroque
895 3751 1010 3832 optimo
1022 3751 1141 3828 codice,
1160 3751 1231 3810 licet
1241 3769 1276 3809 ea
1291 3749 1468 3826 Vaticsnns,

376 3843 411 3891 ut
428 3833 567 3912 pleraque
586 3853 646 3893 non
666 3835 818 3895 intellecta
837 3835 911 3912 sibi,
939 3837 1080 3900 transilit.
1129 3844 1278 3896 coeterum
1298 3835 1404 3895 fateor
1425 3855 1468 3897 me

374 3914 456 3980 haud
481 3919 550 3978 satis
570 3920 723 4000 percipere
745 3920 820 4001 quid
837 3920 943 3985 velint.
983 3922 1043 3980 nisi
1061 3923 1139 3982 sorte
1157 3919 1330 4000 significent
1343 3921 1466 3982 Ges-ma-

376 4019 449 4058 num
464 4002 625 4064 liberaliter
643 4005 744 4084 largiri
762 4005 887 4066 solitum
904 4007 1057 4085 egentibus
1079 4027 1118 4066 ex
1133 4004 1173 4066 iis
1186 4026 1261 4085 quae
1271 4006 1305 4064 in
1317 4026 1428 4067 manos
1438 4018 1464 4066 et

376 4093 555 4164 potestetam
567 4089 631 4150 sius
648 4091 828 4168 veniebant,
848 4091 907 4151 nisi
917 4093 988 4151 talia
1005 4101 1103 4152 meent
1121 4111 1196 4170 quaa
1210 4091 1417 4171 peculiaribus
1429 4089 1462 4152 ea

377 4169 473 4228 causis
489 4173 613 4234 donasse
627 4175 909 4240 nvidiosum'aner.
952 4177 1064 4259 putari
1077 4195 1145 4238 cum
1161 4177 1227 4257 ipss
1237 4177 1400 4258 episcopua
1414 4189 1463 4237 snt

268 4337 271 4350 1
376 4253 546 4336 patriarcha
557 4260 633 4337 fuit,
655 4281 692 4322 ex
704 4260 903 4324 oblationibus
913 4260 953 4323 ad
965 4282 997 4324 se
1010 4260 1117 4324 delatis
1129 4281 1163 4325 ea
1184 4261 1269 4325 daret
1283 4283 1461 4325 consnmm·
