<?xml version="1.0" encoding="UTF-8"?>
<!DOCTYPE html PUBLIC "-//W3C//DTD XHTML 1.0 Transitional//EN"
    "http://www.w3.org/TR/xhtml1/DTD/xhtml1-transitional.dtd">
<html xmlns="http://www.w3.org/1999/xhtml" xml:lang="en" lang="en">
 <head>
  <title>
</title>
<meta http-equiv="Content-Type" content="text/html;charset=utf-8" />
  <meta name='ocr-system' content='tesseract 3.04.00' />
  <meta name='ocr-capabilities' content='ocr_page ocr_carea ocr_par ocr_line ocrx_word'/>
</head>
<body>
  <div class='ocr_page' id='page_1' title='image "./corpusscriptoru44theogoog/corpusscriptoru44theogoog_0479.png"; bbox 0 0 3125 4900; ppageno 0'>
   <div class='ocr_carea' id='block_1_1' title="bbox 318 277 1202 356">
    <p class='ocr_par' dir='ltr' id='par_1_1' title="bbox 318 277 1202 356">
     <span class='ocr_line' id='line_1_1' title="bbox 318 277 1202 356; baseline -0.009 -3"><span class='ocrx_word' id='word_1_1' title='bbox 318 279 394 354; x_wconf 83' lang='lat'>460</span> <span class='ocrx_word' id='word_1_2' title='bbox 512 349 517 356; x_wconf 85' lang='grc'><strong>,</strong></span> <span class='ocrx_word' id='word_1_3' title='bbox 638 277 816 348; x_wconf 85' lang='lat' dir='ltr'>GEORGII</span> <span class='ocrx_word' id='word_1_4' title='bbox 837 277 1102 346; x_wconf 74' lang='lat' dir='ltr'>Pscfliitffims</span> <span class='ocrx_word' id='word_1_5' title='bbox 1197 317 1202 328; x_wconf 90' lang='lat'><strong>·</strong></span> 
     </span>
    </p>
   </div>
   <div class='ocr_carea' id='block_1_2' title="bbox 216 440 1471 2096">
    <p class='ocr_par' dir='ltr' id='par_1_2' title="bbox 216 440 1471 2096">
     <span class='ocr_line' id='line_1_2' title="bbox 320 440 1441 542; baseline -0.005 -22"><span class='ocrx_word' id='word_1_6' title='bbox 320 447 467 540; x_wconf 73' lang='grc' dir='ltr'><strong><em>λήθύτως</em></strong></span> <span class='ocrx_word' id='word_1_7' title='bbox 478 450 535 536; x_wconf 78' lang='grc' dir='ltr'>τήν</span> <span class='ocrx_word' id='word_1_8' title='bbox 549 445 659 526; x_wconf 68' lang='lat' dir='ltr'>divom</span> <span class='ocrx_word' id='word_1_9' title='bbox 670 448 709 538; x_wconf 78' lang='grc' dir='ltr'><strong><em>ἢν</em></strong></span> <span class='ocrx_word' id='word_1_10' title='bbox 723 447 845 540; x_wconf 82' lang='grc' dir='ltr'><strong><em>έφύρει,</em></strong></span> <span class='ocrx_word' id='word_1_11' title='bbox 873 445 1017 539; x_wconf 81' lang='grc' dir='ltr'><strong><em>προύχων</em></strong></span> <span class='ocrx_word' id='word_1_12' title='bbox 1039 446 1113 519; x_wconf 73' lang='grc' dir='ltr'><strong><em>ὅσον</em></strong></span> <span class='ocrx_word' id='word_1_13' title='bbox 1129 440 1167 542; x_wconf 79' lang='grc' dir='ltr'><strong><em>ἦν</em></strong></span> <span class='ocrx_word' id='word_1_14' title='bbox 1178 445 1331 538; x_wconf 69' lang='grc' dir='ltr'><strong><em>ἐγγυτέρω</em></strong></span> <span class='ocrx_word' id='word_1_15' title='bbox 1336 498 1348 532; x_wconf 90' lang='grc'><strong><em>,</em></strong></span> <span class='ocrx_word' id='word_1_16' title='bbox 1374 449 1441 516; x_wconf 79' lang='grc' dir='ltr'><strong><em>καλ</em></strong></span> 
     </span>
     <span class='ocr_line' id='line_1_3' title="bbox 321 543 1435 645; baseline -0.005 -19"><span class='ocrx_word' id='word_1_17' title='bbox 321 543 493 645; x_wconf 78' lang='grc' dir='ltr'><strong><em>σφύτελλον</em></strong></span> <span class='ocrx_word' id='word_1_18' title='bbox 517 552 648 641; x_wconf 75' lang='grc' dir='ltr'><strong><em>ποιήσας</em></strong></span> <span class='ocrx_word' id='word_1_19' title='bbox 672 554 709 622; x_wconf 83' lang='grc' dir='ltr'><strong><em>τύ</em></strong></span> <span class='ocrx_word' id='word_1_20' title='bbox 730 552 855 642; x_wconf 83' lang='grc' dir='ltr'><strong><em>πτύγμα</em></strong></span> <span class='ocrx_word' id='word_1_21' title='bbox 879 553 951 622; x_wconf 84' lang='grc' dir='ltr'><strong><em>κατ’</em></strong></span> <span class='ocrx_word' id='word_1_22' title='bbox 975 557 1089 623; x_wconf 71' lang='grc' dir='ltr'><strong><em>ἐκείνου</em></strong></span> <span class='ocrx_word' id='word_1_23' title='bbox 1112 554 1211 642; x_wconf 74' lang='grc' dir='ltr'><strong><em>ῥύπτει</em></strong></span> <span class='ocrx_word' id='word_1_24' title='bbox 1229 549 1271 630; x_wconf 77' lang='grc' dir='ltr'>ὥς</span> <span class='ocrx_word' id='word_1_25' title='bbox 1288 549 1435 638; x_wconf 86' lang='grc' dir='ltr'><strong><em>πλήξων,</em></strong></span> 
     </span>
     <span class='ocr_line' id='line_1_4' title="bbox 320 654 1395 746; baseline -0.004 -18"><span class='ocrx_word' id='word_1_26' title='bbox 320 659 378 728; x_wconf 83' lang='grc' dir='ltr'><strong><em>κάν</em></strong></span> <span class='ocrx_word' id='word_1_27' title='bbox 393 655 599 746; x_wconf 70' lang='grc' dir='ltr'>ἀπετύγχανεν</span> <span class='ocrx_word' id='word_1_28' title='bbox 614 661 655 734; x_wconf 69' lang='lat' dir='ltr'>eis</span> <span class='ocrx_word' id='word_1_29' title='bbox 673 657 785 726; x_wconf 77' lang='grc' dir='ltr'><strong><em>ἕαυτύν</em></strong></span> <span class='ocrx_word' id='word_1_30' title='bbox 801 664 856 725; x_wconf 82' lang='grc' dir='ltr'><strong><em>τοῦ</em></strong></span> <span class='ocrx_word' id='word_1_31' title='bbox 876 654 1032 746; x_wconf 76' lang='grc' dir='ltr'>τραχήλου</span> <span class='ocrx_word' id='word_1_32' title='bbox 1047 657 1102 742; x_wconf 81' lang='grc' dir='ltr'>τήν</span> <span class='ocrx_word' id='word_1_33' title='bbox 1117 655 1226 724; x_wconf 83' lang='grc' dir='ltr'><strong><em>ἀλυσιν</em></strong></span> <span class='ocrx_word' id='word_1_34' title='bbox 1239 657 1395 734; x_wconf 60' lang='lat' dir='ltr'>diatonon.</span> 
     </span>
     <span class='ocr_line' id='line_1_5' title="bbox 216 756 1434 844; baseline 0 -18"><span class='ocrx_word' id='word_1_35' title='bbox 216 771 306 830; x_wconf 73' lang='lat' dir='ltr'>Poto</span> <span class='ocrx_word' id='word_1_36' title='bbox 429 763 485 833; x_wconf 88' lang='grc'>17.</span> <span class='ocrx_word' id='word_1_37' title='bbox 534 760 619 827; x_wconf 80' lang='grc' dir='ltr'>Ἀλλ’</span> <span class='ocrx_word' id='word_1_38' title='bbox 652 756 668 827; x_wconf 79' lang='grc' dir='ltr'>ὅ</span> <span class='ocrx_word' id='word_1_39' title='bbox 698 761 845 844; x_wconf 71' lang='grc' dir='ltr'><strong><em>βασιλεύς</em></strong></span> <span class='ocrx_word' id='word_1_40' title='bbox 875 763 906 840; x_wconf 82' lang='grc' dir='ltr'>ές</span> <span class='ocrx_word' id='word_1_41' title='bbox 935 764 1036 830; x_wconf 78' lang='grc' dir='ltr'><strong><em>πύστιν</em></strong></span> <span class='ocrx_word' id='word_1_42' title='bbox 1068 763 1211 830; x_wconf 71' lang='grc' dir='ltr'><strong><em>ἐντεῦθεν</em></strong></span> <span class='ocrx_word' id='word_1_43' title='bbox 1236 765 1293 826; x_wconf 83' lang='grc' dir='ltr'><strong><em>τοῦ</em></strong></span> <span class='ocrx_word' id='word_1_44' title='bbox 1317 759 1434 844; x_wconf 79' lang='grc' dir='ltr'><strong><em>ἀληθῆ</em></strong></span> 
     </span>
     <span class='ocr_line' id='line_1_6' title="bbox 321 860 1460 954; baseline 0 -21"><span class='ocrx_word' id='word_1_45' title='bbox 321 863 466 954; x_wconf 87' lang='grc' dir='ltr'><strong><em>πράττιιν</em></strong></span> <span class='ocrx_word' id='word_1_46' title='bbox 487 875 554 942; x_wconf 80' lang='grc' dir='ltr'><strong><em>τοῖς</em></strong></span> <span class='ocrx_word' id='word_1_47' title='bbox 572 865 736 949; x_wconf 71' lang='grc' dir='ltr'><strong><em>πρέσβεσιν</em></strong></span> <span class='ocrx_word' id='word_1_48' title='bbox 759 861 1035 954; x_wconf 78' lang='grc' dir='ltr'><strong><em>ἀφοσιωσάμενος,</em></strong></span> <span class='ocrx_word' id='word_1_49' title='bbox 1061 860 1216 952; x_wconf 85' lang='grc' dir='ltr'><strong><em>προύργου</em></strong></span> <span class='ocrx_word' id='word_1_50' title='bbox 1239 863 1356 942; x_wconf 73' lang='grc' dir='ltr'><strong><em>παντὸς</em></strong></span> <span class='ocrx_word' id='word_1_51' title='bbox 1378 865 1460 933; x_wconf 79' lang='grc' dir='ltr'><strong><em>τί-5</em></strong></span> 
     </span>
     <span class='ocr_line' id='line_1_7' title="bbox 320 961 1434 1056; baseline -0.004 -21"><span class='ocrx_word' id='word_1_52' title='bbox 320 976 413 1036; x_wconf 63' lang='lat' dir='ltr'>ieros</span> <span class='ocrx_word' id='word_1_53' title='bbox 428 969 464 1037; x_wconf 79' lang='grc' dir='ltr'><strong><em>τὸ</em></strong></span> <span class='ocrx_word' id='word_1_54' title='bbox 479 971 529 1034; x_wconf 81' lang='grc' dir='ltr'><strong><em>καὶ</em></strong></span> <span class='ocrx_word' id='word_1_55' title='bbox 546 961 641 1045; x_wconf 71' lang='grc' dir='ltr'><strong><em>αὖθις</em></strong></span> <span class='ocrx_word' id='word_1_56' title='bbox 658 967 712 1036; x_wconf 81' lang='grc' dir='ltr'>τὸν</span> <span class='ocrx_word' id='word_1_57' title='bbox 725 966 918 1056; x_wconf 81' lang='grc' dir='ltr'><strong><em>πατριύρχην</em></strong></span> <span class='ocrx_word' id='word_1_58' title='bbox 931 967 1102 1056; x_wconf 79' lang='grc' dir='ltr'><strong><em>ἀναγαγεῖν.</em></strong></span> <span class='ocrx_word' id='word_1_59' title='bbox 1154 965 1223 1034; x_wconf 76' lang='lat' dir='ltr'>edu</span> <span class='ocrx_word' id='word_1_60' title='bbox 1240 967 1299 1054; x_wconf 86' lang='grc' dir='ltr'>γάρ</span> <span class='ocrx_word' id='word_1_61' title='bbox 1313 967 1346 1033; x_wconf 83' lang='grc' dir='ltr'><strong><em>έν</em></strong></span> <span class='ocrx_word' id='word_1_62' title='bbox 1363 993 1434 1032; x_wconf 88' lang='grc' dir='ltr'><strong><em>πα-</em></strong></span> 
     </span>
     <span class='ocr_line' id='line_1_8' title="bbox 321 1067 1432 1160; baseline -0.005 -21"><span class='ocrx_word' id='word_1_63' title='bbox 321 1073 440 1160; x_wconf 80' lang='grc' dir='ltr'><strong><em>ραύοχῇ</em></strong></span> <span class='ocrx_word' id='word_1_64' title='bbox 455 1071 495 1138; x_wconf 77' lang='grc' dir='ltr'>τοὶ</span> <span class='ocrx_word' id='word_1_65' title='bbox 509 1078 564 1156; x_wconf 76' lang='grc' dir='ltr'>τῆς</span> <span class='ocrx_word' id='word_1_66' title='bbox 576 1068 792 1158; x_wconf 71' lang='grc' dir='ltr'><strong><em>παραιτήσεως</em></strong></span> <span class='ocrx_word' id='word_1_67' title='bbox 805 1083 870 1149; x_wconf 83' lang='grc' dir='ltr'><strong><em>τοῖς</em></strong></span> <span class='ocrx_word' id='word_1_68' title='bbox 882 1071 1072 1160; x_wconf 67' lang='grc' dir='ltr'><strong><em>ἀρχιερεῦσι,</em></strong></span> <span class='ocrx_word' id='word_1_69' title='bbox 1097 1069 1154 1138; x_wconf 82' lang='grc' dir='ltr'><strong><em>κάν</em></strong></span> <span class='ocrx_word' id='word_1_70' title='bbox 1169 1067 1185 1137; x_wconf 82' lang='lat' dir='ltr'>i</span> <span class='ocrx_word' id='word_1_71' title='bbox 1199 1071 1347 1153; x_wconf 75' lang='grc' dir='ltr'><strong><em>βασιλεύς</em></strong></span> <span class='ocrx_word' id='word_1_72' title='bbox 1359 1068 1432 1135; x_wconf 69' lang='lat' dir='ltr'>idd-</span> 
     </span>
     <span class='ocr_line' id='line_1_9' title="bbox 318 1169 1430 1263; baseline -0.004 -20"><span class='ocrx_word' id='word_1_73' title='bbox 318 1202 392 1263; x_wconf 88' lang='grc' dir='ltr'><strong><em>χετο</em></strong></span> <span class='ocrx_word' id='word_1_74' title='bbox 416 1172 550 1260; x_wconf 83' lang='grc' dir='ltr'><strong><em>ταύτην·</em></strong></span> <span class='ocrx_word' id='word_1_75' title='bbox 576 1174 648 1241; x_wconf 75' lang='grc' dir='ltr'><strong><em>ἀλλ’</em></strong></span> <span class='ocrx_word' id='word_1_76' title='bbox 664 1169 718 1242; x_wconf 70' lang='lat' dir='ltr'>ode</span> <span class='ocrx_word' id='word_1_77' title='bbox 738 1175 775 1243; x_wconf 88' lang='grc' dir='ltr'>ού</span> <span class='ocrx_word' id='word_1_78' title='bbox 792 1179 954 1260; x_wconf 71' lang='grc' dir='ltr'><strong><em>προΐσχετο</em></strong></span> <span class='ocrx_word' id='word_1_79' title='bbox 972 1176 1052 1254; x_wconf 80' lang='grc' dir='ltr'><strong><em>ὅλως</em></strong></span> <span class='ocrx_word' id='word_1_80' title='bbox 1067 1173 1147 1260; x_wconf 83' lang='grc' dir='ltr'><strong><em>σύτη</em></strong></span> <span class='ocrx_word' id='word_1_81' title='bbox 1162 1180 1224 1242; x_wconf 84' lang='grc' dir='ltr'>τῶν</span> <span class='ocrx_word' id='word_1_82' title='bbox 1236 1175 1328 1261; x_wconf 78' lang='grc' dir='ltr'><strong><em>ἱερῶν</em></strong></span> <span class='ocrx_word' id='word_1_83' title='bbox 1341 1198 1430 1258; x_wconf 86' lang='grc' dir='ltr'><strong><em>πρα-</em></strong></span> 
     </span>
     <span class='ocr_line' id='line_1_10' title="bbox 322 1275 1430 1368; baseline 0 -24"><span class='ocrx_word' id='word_1_84' title='bbox 322 1276 450 1365; x_wconf 78' lang='grc' dir='ltr'><strong><em>γμάτων</em></strong></span> <span class='ocrx_word' id='word_1_85' title='bbox 462 1278 603 1358; x_wconf 81' lang='grc' dir='ltr'><strong><em>ἀνάξιον,</em></strong></span> <span class='ocrx_word' id='word_1_86' title='bbox 629 1275 727 1363; x_wconf 83' lang='grc' dir='ltr'><strong><em>μύκον</em></strong></span> <span class='ocrx_word' id='word_1_87' title='bbox 743 1280 777 1346; x_wconf 71' lang='lat' dir='ltr'>ds*</span> <span class='ocrx_word' id='word_1_88' title='bbox 791 1277 934 1368; x_wconf 75' lang='grc' dir='ltr'><strong><em>θόρυβον</em></strong></span> <span class='ocrx_word' id='word_1_89' title='bbox 947 1276 1033 1365; x_wconf 81' lang='grc' dir='ltr'><strong><em>παρά</em></strong></span> <span class='ocrx_word' id='word_1_90' title='bbox 1050 1305 1112 1348; x_wconf 81' lang='grc' dir='ltr'>των</span> <span class='ocrx_word' id='word_1_91' title='bbox 1126 1281 1177 1346; x_wconf 75' lang='grc' dir='ltr'><strong><em>καὶ</em></strong></span> <span class='ocrx_word' id='word_1_92' title='bbox 1193 1277 1333 1366; x_wconf 81' lang='grc' dir='ltr'><strong><em>ταραχήν</em></strong></span> <span class='ocrx_word' id='word_1_93' title='bbox 1347 1276 1430 1344; x_wconf 81' lang='grc' dir='ltr'><strong><em>ἀλο-</em></strong></span> 
     </span>
     <span class='ocr_line' id='line_1_11' title="bbox 322 1378 1471 1468; baseline -0.002 -21"><span class='ocrx_word' id='word_1_94' title='bbox 322 1407 394 1468; x_wconf 83' lang='grc' dir='ltr'><strong><em>γον,</em></strong></span> <span class='ocrx_word' id='word_1_95' title='bbox 420 1384 472 1447; x_wconf 83' lang='grc' dir='ltr'><strong><em>καλ</em></strong></span> <span class='ocrx_word' id='word_1_96' title='bbox 493 1379 541 1448; x_wconf 75' lang='grc' dir='ltr'>ὅτι</span> <span class='ocrx_word' id='word_1_97' title='bbox 563 1385 764 1466; x_wconf 75' lang='grc' dir='ltr'><strong><em>σληχθέντων</em></strong></span> <span class='ocrx_word' id='word_1_98' title='bbox 785 1383 833 1450; x_wconf 75' lang='lat' dir='ltr'>tel</span> <span class='ocrx_word' id='word_1_99' title='bbox 855 1378 977 1461; x_wconf 83' lang='grc' dir='ltr'><strong><em>τούτοις</em></strong></span> <span class='ocrx_word' id='word_1_100' title='bbox 992 1382 1048 1459; x_wconf 72' lang='grc' dir='ltr'>τὰς</span> <span class='ocrx_word' id='word_1_101' title='bbox 1060 1378 1246 1467; x_wconf 78' lang='grc' dir='ltr'><strong><em>συνειδήσιις</em></strong></span> <span class='ocrx_word' id='word_1_102' title='bbox 1260 1387 1352 1447; x_wconf 81' lang='grc' dir='ltr'><strong><em>τινῶν</em></strong></span> <span class='ocrx_word' id='word_1_103' title='bbox 1369 1379 1430 1446; x_wconf 80' lang='grc' dir='ltr'>σύν</span> <span class='ocrx_word' id='word_1_104' title='bbox 1439 1383 1471 1438; x_wconf 82' lang='grc'>10</span> 
     </span>
     <span class='ocr_line' id='line_1_12' title="bbox 283 1475 1432 1574; baseline 0.001 -25"><span class='ocrx_word' id='word_1_105' title='bbox 283 1496 306 1549; x_wconf 88' lang='grc' dir='ltr'><strong>Β</strong></span> <span class='ocrx_word' id='word_1_106' title='bbox 325 1486 420 1572; x_wconf 77' lang='grc' dir='ltr'><strong><em>έκρινε</em></strong></span> <span class='ocrx_word' id='word_1_107' title='bbox 436 1488 498 1551; x_wconf 77' lang='lat' dir='ltr'>deis</span> <span class='ocrx_word' id='word_1_108' title='bbox 515 1485 712 1570; x_wconf 79' lang='grc' dir='ltr'><strong><em>προσμένειν,</em></strong></span> <span class='ocrx_word' id='word_1_109' title='bbox 737 1483 783 1571; x_wconf 88' lang='grc' dir='ltr'>μή</span> <span class='ocrx_word' id='word_1_110' title='bbox 803 1497 884 1566; x_wconf 78' lang='grc' dir='ltr'><strong><em>πως,</em></strong></span> <span class='ocrx_word' id='word_1_111' title='bbox 913 1488 1008 1574; x_wconf 74' lang='grc' dir='ltr'><strong><em>φησί,</em></strong></span> <span class='ocrx_word' id='word_1_112' title='bbox 1035 1489 1095 1553; x_wconf 75' lang='lat' dir='ltr'>scol</span> <span class='ocrx_word' id='word_1_113' title='bbox 1116 1485 1202 1572; x_wconf 86' lang='grc' dir='ltr'><strong><em>παρά</em></strong></span> <span class='ocrx_word' id='word_1_114' title='bbox 1214 1486 1389 1570; x_wconf 68' lang='grc' dir='ltr'><strong><em>συνείδησιν</em></strong></span> <span class='ocrx_word' id='word_1_115' title='bbox 1408 1475 1432 1572; x_wconf 80' lang='grc' dir='ltr'><em>ᾗ</em></span> 
     </span>
     <span class='ocr_line' id='line_1_13' title="bbox 321 1586 1429 1675; baseline -0.002 -21"><span class='ocrx_word' id='word_1_116' title='bbox 321 1588 357 1654; x_wconf 84' lang='grc' dir='ltr'><strong><em>τύ</em></strong></span> <span class='ocrx_word' id='word_1_117' title='bbox 382 1588 622 1674; x_wconf 80' lang='grc' dir='ltr'><strong><em>προσέρχεσθαι.</em></strong></span> <span class='ocrx_word' id='word_1_118' title='bbox 673 1596 767 1655; x_wconf 74' lang='grc' dir='ltr'><strong><em>τοῦτο</em></strong></span> <span class='ocrx_word' id='word_1_119' title='bbox 783 1591 817 1654; x_wconf 80' lang='grc' dir='ltr'>δέ</span> <span class='ocrx_word' id='word_1_120' title='bbox 830 1591 862 1655; x_wconf 77' lang='grc' dir='ltr'><strong><em>τέ</em></strong></span> <span class='ocrx_word' id='word_1_121' title='bbox 878 1589 917 1656; x_wconf 83' lang='grc' dir='ltr'><strong><em>ἀν</em></strong></span> <span class='ocrx_word' id='word_1_122' title='bbox 932 1586 1146 1674; x_wconf 81' lang='grc' dir='ltr'><strong><em>παραιτήσεως</em></strong></span> <span class='ocrx_word' id='word_1_123' title='bbox 1167 1589 1229 1672; x_wconf 67' lang='grc' dir='ltr'><strong><em>ἔχοι</em></strong></span> <span class='ocrx_word' id='word_1_124' title='bbox 1238 1617 1252 1675; x_wconf 85' lang='grc'>,·</span> <span class='ocrx_word' id='word_1_125' title='bbox 1276 1587 1358 1672; x_wconf 77' lang='grc' dir='ltr'><strong><em>ελμή</em></strong></span> <span class='ocrx_word' id='word_1_126' title='bbox 1373 1590 1429 1652; x_wconf 81' lang='grc' dir='ltr'><strong><em>καὶ</em></strong></span> 
     </span>
     <span class='ocr_line' id='line_1_14' title="bbox 317 1685 1429 1777; baseline -0.001 -21"><span class='ocrx_word' id='word_1_127' title='bbox 317 1697 444 1777; x_wconf 80' lang='grc' dir='ltr'><strong><em>,μᾶλλον</em></strong></span> <span class='ocrx_word' id='word_1_128' title='bbox 457 1692 577 1777; x_wconf 82' lang='grc' dir='ltr'><strong><em>έλέγχου</em></strong></span> <span class='ocrx_word' id='word_1_129' title='bbox 592 1701 656 1768; x_wconf 81' lang='grc' dir='ltr'><strong><em>τοῖς</em></strong></span> <span class='ocrx_word' id='word_1_130' title='bbox 669 1692 726 1777; x_wconf 85' lang='grc' dir='ltr'>τήν</span> <span class='ocrx_word' id='word_1_131' title='bbox 739 1695 847 1760; x_wconf 78' lang='grc' dir='ltr'><strong><em>κακίαν</em></strong></span> <span class='ocrx_word' id='word_1_132' title='bbox 860 1694 937 1770; x_wconf 71' lang='grc' dir='ltr'><strong><em>οἵοις</em></strong></span> <span class='ocrx_word' id='word_1_133' title='bbox 955 1692 987 1759; x_wconf 83' lang='grc' dir='ltr'><strong><em>τ’</em></strong></span> <span class='ocrx_word' id='word_1_134' title='bbox 1006 1685 1076 1760; x_wconf 84' lang='grc' dir='ltr'><strong><em>ούσι</em></strong></span> <span class='ocrx_word' id='word_1_135' title='bbox 1095 1689 1231 1760; x_wconf 89' lang='grc' dir='ltr'><strong><em>κωλύειν.</em></strong></span> <span class='ocrx_word' id='word_1_136' title='bbox 1283 1690 1356 1758; x_wconf 74' lang='grc' dir='ltr'><strong><em>ὅθεν</em></strong></span> <span class='ocrx_word' id='word_1_137' title='bbox 1369 1691 1429 1756; x_wconf 84' lang='grc' dir='ltr'><strong><em>καλ</em></strong></span> 
     </span>
     <span class='ocr_line' id='line_1_15' title="bbox 321 1793 1427 1884; baseline -0.002 -22"><span class='ocrx_word' id='word_1_138' title='bbox 321 1802 408 1884; x_wconf 80' lang='grc' dir='ltr'><strong><em>κοινῇ</em></strong></span> <span class='ocrx_word' id='word_1_139' title='bbox 429 1794 536 1878; x_wconf 82' lang='grc' dir='ltr'><strong><em>σκέψει</em></strong></span> <span class='ocrx_word' id='word_1_140' title='bbox 557 1794 693 1873; x_wconf 82' lang='grc' dir='ltr'><strong><em>ἀξιοῦσιν</em></strong></span> <span class='ocrx_word' id='word_1_141' title='bbox 714 1795 853 1880; x_wconf 76' lang='grc' dir='ltr'><strong><em>ἀρχῆθεν</em></strong></span> <span class='ocrx_word' id='word_1_142' title='bbox 870 1796 925 1863; x_wconf 75' lang='lat' dir='ltr'>ndo</span> <span class='ocrx_word' id='word_1_143' title='bbox 942 1795 1043 1882; x_wconf 80' lang='grc' dir='ltr'><strong><em>ἀνδρα</em></strong></span> <span class='ocrx_word' id='word_1_144' title='bbox 1057 1796 1114 1880; x_wconf 84' lang='grc' dir='ltr'>τὴν</span> <span class='ocrx_word' id='word_1_145' title='bbox 1128 1797 1320 1882; x_wconf 72' lang='grc' dir='ltr'><strong><em>προστασίαν</em></strong></span> <span class='ocrx_word' id='word_1_146' title='bbox 1337 1793 1427 1878; x_wconf 75' lang='grc' dir='ltr'><strong><em>λέχε-</em></strong></span> 
     </span>
     <span class='ocr_line' id='line_1_16' title="bbox 321 1893 1465 1986; baseline -0.003 -21"><span class='ocrx_word' id='word_1_147' title='bbox 321 1906 412 1967; x_wconf 73' lang='grc' dir='ltr'><strong><em>σθαι.</em></strong></span> <span class='ocrx_word' id='word_1_148' title='bbox 464 1893 481 1966; x_wconf 79' lang='grc' dir='ltr'>ὅ</span> <span class='ocrx_word' id='word_1_149' title='bbox 496 1896 529 1964; x_wconf 78' lang='lat' dir='ltr'>d&#39;</span> <span class='ocrx_word' id='word_1_150' title='bbox 545 1897 602 1982; x_wconf 82' lang='grc' dir='ltr'>ούχ</span> <span class='ocrx_word' id='word_1_151' title='bbox 616 1895 767 1983; x_wconf 77' lang='grc' dir='ltr'><strong><em>ύπήκουε,</em></strong></span> <span class='ocrx_word' id='word_1_152' title='bbox 796 1901 893 1986; x_wconf 77' lang='grc' dir='ltr'><strong><em>ζητῶν</em></strong></span> <span class='ocrx_word' id='word_1_153' title='bbox 907 1899 965 1983; x_wconf 80' lang='grc' dir='ltr'>τὴν</span> <span class='ocrx_word' id='word_1_154' title='bbox 979 1900 1026 1966; x_wconf 74' lang='lat' dir='ltr'>ini</span> <span class='ocrx_word' id='word_1_155' title='bbox 1041 1909 1105 1976; x_wconf 82' lang='grc' dir='ltr'><strong><em>τοῖς</em></strong></span> <span class='ocrx_word' id='word_1_156' title='bbox 1120 1894 1330 1984; x_wconf 76' lang='grc' dir='ltr'><strong><em>συκοφάνταις</em></strong></span> <span class='ocrx_word' id='word_1_157' title='bbox 1340 1897 1465 1962; x_wconf 70' lang='lat' dir='ltr'>tall-1⁵</span> 
     </span>
     <span class='ocr_line' id='line_1_17' title="bbox 320 1993 1425 2096; baseline -0.002 -26"><span class='ocrx_word' id='word_1_158' title='bbox 320 2027 419 2089; x_wconf 84' lang='grc' dir='ltr'><strong><em>κησιν.</em></strong></span> <span class='ocrx_word' id='word_1_159' title='bbox 471 2001 508 2070; x_wconf 83' lang='grc' dir='ltr'><strong><em>τὸ</em></strong></span> <span class='ocrx_word' id='word_1_160' title='bbox 533 1998 568 2069; x_wconf 81' lang='grc' dir='ltr'>δ’</span> <span class='ocrx_word' id='word_1_161' title='bbox 587 1993 627 2087; x_wconf 79' lang='grc' dir='ltr'><strong><em>ἦν</em></strong></span> <span class='ocrx_word' id='word_1_162' title='bbox 651 2006 703 2070; x_wconf 85' lang='grc' dir='ltr'><strong><em>καλ</em></strong></span> <span class='ocrx_word' id='word_1_163' title='bbox 722 2000 756 2071; x_wconf 56' lang='grc' dir='ltr'><strong><em>(έν</em></strong></span> <span class='ocrx_word' id='word_1_164' title='bbox 778 2009 842 2072; x_wconf 81' lang='grc' dir='ltr'>τῶν</span> <span class='ocrx_word' id='word_1_165' title='bbox 866 1998 1030 2070; x_wconf 79' lang='grc' dir='ltr'><strong><em>ἀδυνάτων</em></strong></span> <span class='ocrx_word' id='word_1_166' title='bbox 1049 2010 1093 2096; x_wconf 76' lang='lat' dir='ltr'>uqi</span> <span class='ocrx_word' id='word_1_167' title='bbox 1109 2008 1246 2088; x_wconf 78' lang='grc' dir='ltr'><strong><em>βασιλεῖ’,</em></strong></span> <span class='ocrx_word' id='word_1_168' title='bbox 1273 2008 1425 2088; x_wconf 75' lang='grc' dir='ltr'><strong><em>προισχο-</em></strong></span> 
     </span>
    </p>
   </div>
   <div class='ocr_carea' id='block_1_3' title="bbox 256 2198 1484 4351">
    <p class='ocr_par' dir='ltr' id='par_1_3' title="bbox 256 2198 1423 2478">
     <span class='ocr_line' id='line_1_18' title="bbox 256 2198 1423 2274; baseline -0.002 -21"><span class='ocrx_word' id='word_1_169' title='bbox 256 2199 260 2206; x_wconf 84' lang='grc'><em>“</em></span> <span class='ocrx_word' id='word_1_170' title='bbox 319 2204 468 2255; x_wconf 83' lang='lat' dir='ltr'>eatenarum</span> <span class='ocrx_word' id='word_1_171' title='bbox 477 2201 596 2254; x_wconf 80' lang='lat' dir='ltr'>volumen</span> <span class='ocrx_word' id='word_1_172' title='bbox 606 2218 702 2270; x_wconf 79' lang='lat' dir='ltr'>grava,</span> <span class='ocrx_word' id='word_1_173' title='bbox 720 2205 748 2255; x_wconf 87' lang='lat' dir='ltr'>et</span> <span class='ocrx_word' id='word_1_174' title='bbox 763 2202 904 2255; x_wconf 76' lang='lat' dir='ltr'>observate</span> <span class='ocrx_word' id='word_1_175' title='bbox 917 2207 1033 2274; x_wconf 86' lang='lat' dir='ltr'>tempora</span> <span class='ocrx_word' id='word_1_176' title='bbox 1049 2216 1100 2269; x_wconf 87' lang='lat' dir='ltr'>quo</span> <span class='ocrx_word' id='word_1_177' title='bbox 1117 2198 1254 2270; x_wconf 84' lang='lat' dir='ltr'>episeopus</span> <span class='ocrx_word' id='word_1_178' title='bbox 1269 2203 1323 2252; x_wconf 86' lang='lat' dir='ltr'>tam</span> <span class='ocrx_word' id='word_1_179' title='bbox 1339 2215 1423 2269; x_wconf 87' lang='lat' dir='ltr'>prope</span> 
     </span>
     <span class='ocr_line' id='line_1_19' title="bbox 317 2267 1421 2340; baseline -0.002 -17"><span class='ocrx_word' id='word_1_180' title='bbox 317 2270 352 2323; x_wconf 87' lang='lat' dir='ltr'>ad</span> <span class='ocrx_word' id='word_1_181' title='bbox 369 2269 451 2340; x_wconf 85' lang='lat' dir='ltr'>ipsum</span> <span class='ocrx_word' id='word_1_182' title='bbox 468 2278 613 2323; x_wconf 66' lang='lat' dir='ltr'>emerserat</span> <span class='ocrx_word' id='word_1_183' title='bbox 629 2278 659 2323; x_wconf 91' lang='lat' dir='ltr'>ot</span> <span class='ocrx_word' id='word_1_184' title='bbox 675 2270 810 2339; x_wconf 78' lang='lat' dir='ltr'>oootiqons</span> <span class='ocrx_word' id='word_1_185' title='bbox 825 2270 893 2324; x_wconf 85' lang='lat' dir='ltr'>iutra</span> <span class='ocrx_word' id='word_1_186' title='bbox 910 2269 1004 2324; x_wconf 85' lang='lat' dir='ltr'>laetum</span> <span class='ocrx_word' id='word_1_187' title='bbox 1021 2267 1165 2333; x_wconf 84' lang='lat' dir='ltr'>videretur,</span> <span class='ocrx_word' id='word_1_188' title='bbox 1189 2271 1301 2322; x_wconf 77' lang='lat' dir='ltr'>ferream</span> <span class='ocrx_word' id='word_1_189' title='bbox 1317 2269 1344 2320; x_wconf 89' lang='lat' dir='ltr'>io</span> <span class='ocrx_word' id='word_1_190' title='bbox 1363 2283 1421 2321; x_wconf 85' lang='lat' dir='ltr'>enm</span> 
     </span>
     <span class='ocr_line' id='line_1_20' title="bbox 317 2334 1420 2410; baseline -0.002 -18"><span class='ocrx_word' id='word_1_191' title='bbox 317 2338 421 2392; x_wconf 83' lang='lat' dir='ltr'>intorsit</span> <span class='ocrx_word' id='word_1_192' title='bbox 437 2340 550 2400; x_wconf 76' lang='lat' dir='ltr'>tam,</span> <span class='ocrx_word' id='word_1_193' title='bbox 571 2336 652 2392; x_wconf 80' lang='lat' dir='ltr'>sarire</span> <span class='ocrx_word' id='word_1_194' title='bbox 666 2340 789 2403; x_wconf 66' lang='grc' dir='ltr'><strong><em>τίσοντες</em></strong></span> <span class='ocrx_word' id='word_1_195' title='bbox 819 2339 870 2393; x_wconf 85' lang='lat' dir='ltr'>etsi</span> <span class='ocrx_word' id='word_1_196' title='bbox 886 2338 1019 2395; x_wconf 80' lang='lat' dir='ltr'>aberravit</span> <span class='ocrx_word' id='word_1_197' title='bbox 1034 2338 1077 2392; x_wconf 90' lang='lat' dir='ltr'>ille</span> <span class='ocrx_word' id='word_1_198' title='bbox 1093 2337 1212 2410; x_wconf 85' lang='lat' dir='ltr'>quidem,</span> <span class='ocrx_word' id='word_1_199' title='bbox 1229 2336 1346 2398; x_wconf 66' lang='lat' dir='ltr'>munia.</span> <span class='ocrx_word' id='word_1_200' title='bbox 1363 2334 1420 2404; x_wconf 90' lang='lat' dir='ltr'>ipso</span> 
     </span>
     <span class='ocr_line' id='line_1_21' title="bbox 318 2405 1419 2478; baseline -0.002 -17"><span class='ocrx_word' id='word_1_201' title='bbox 318 2405 409 2461; x_wconf 78' lang='lat' dir='ltr'>collum</span> <span class='ocrx_word' id='word_1_202' title='bbox 426 2405 576 2462; x_wconf 72' lang='lat' dir='ltr'>retrahente</span> <span class='ocrx_word' id='word_1_203' title='bbox 592 2408 660 2461; x_wconf 90' lang='lat' dir='ltr'>unda</span> <span class='ocrx_word' id='word_1_204' title='bbox 674 2409 832 2478; x_wconf 83' lang='lat' dir='ltr'>pendebant,</span> <span class='ocrx_word' id='word_1_205' title='bbox 849 2407 882 2463; x_wconf 90' lang='lat' dir='ltr'>ad</span> <span class='ocrx_word' id='word_1_206' title='bbox 899 2407 981 2478; x_wconf 89' lang='lat' dir='ltr'>ipsum</span> <span class='ocrx_word' id='word_1_207' title='bbox 998 2407 1096 2461; x_wconf 77' lang='lat' dir='ltr'>intacto</span> <span class='ocrx_word' id='word_1_208' title='bbox 1114 2407 1229 2461; x_wconf 82' lang='lat' dir='ltr'>antistite</span> <span class='ocrx_word' id='word_1_209' title='bbox 1244 2405 1419 2461; x_wconf 82' lang='lat' dir='ltr'>redeuntibus.</span> 
     </span>
    </p>

    <p class='ocr_par' dir='ltr' id='par_1_4' title="bbox 309 2476 1484 4351">
     <span class='ocr_line' id='line_1_22' title="bbox 388 2476 1419 2547; baseline -0.002 -17"><span class='ocrx_word' id='word_1_210' title='bbox 388 2477 429 2532; x_wconf 87' lang='grc'>17.</span> <span class='ocrx_word' id='word_1_211' title='bbox 464 2476 603 2529; x_wconf 73' lang='lat' dir='ltr'>Caeterum</span> <span class='ocrx_word' id='word_1_212' title='bbox 624 2477 766 2546; x_wconf 75' lang='lat' dir='ltr'>imperator</span> <span class='ocrx_word' id='word_1_213' title='bbox 789 2480 838 2531; x_wconf 86' lang='lat' dir='ltr'>lsoo</span> <span class='ocrx_word' id='word_1_214' title='bbox 861 2478 936 2547; x_wconf 89' lang='lat' dir='ltr'>quasi</span> <span class='ocrx_word' id='word_1_215' title='bbox 958 2478 1040 2547; x_wconf 92' lang='lat' dir='ltr'>primo</span> <span class='ocrx_word' id='word_1_216' title='bbox 1059 2476 1145 2530; x_wconf 79' lang='lat' dir='ltr'>officio</span> <span class='ocrx_word' id='word_1_217' title='bbox 1162 2476 1297 2531; x_wconf 77' lang='lat' dir='ltr'>defunctus</span> <span class='ocrx_word' id='word_1_218' title='bbox 1315 2476 1419 2529; x_wconf 88' lang='lat' dir='ltr'>demon-</span> 
     </span>
     <span class='ocr_line' id='line_1_23' title="bbox 314 2543 1420 2617; baseline 0 -20"><span class='ocrx_word' id='word_1_219' title='bbox 314 2544 414 2597; x_wconf 73' lang='lat' dir='ltr'>strandi</span> <span class='ocrx_word' id='word_1_220' title='bbox 431 2543 524 2611; x_wconf 72' lang='lat' dir='ltr'>legatis</span> <span class='ocrx_word' id='word_1_221' title='bbox 540 2545 607 2598; x_wconf 86' lang='lat' dir='ltr'>serio</span> <span class='ocrx_word' id='word_1_222' title='bbox 624 2562 678 2599; x_wconf 90' lang='lat' dir='ltr'>rem</span> <span class='ocrx_word' id='word_1_223' title='bbox 695 2563 712 2599; x_wconf 90' lang='lat' dir='ltr'>a</span> <span class='ocrx_word' id='word_1_224' title='bbox 729 2563 757 2600; x_wconf 88' lang='lat' dir='ltr'>se</span> <span class='ocrx_word' id='word_1_225' title='bbox 774 2555 873 2609; x_wconf 69' lang='lat' dir='ltr'>acum,</span> <span class='ocrx_word' id='word_1_226' title='bbox 890 2547 936 2617; x_wconf 88' lang='lat' dir='ltr'>qui</span> <span class='ocrx_word' id='word_1_227' title='bbox 953 2564 1004 2599; x_wconf 91' lang='lat' dir='ltr'>non</span> <span class='ocrx_word' id='word_1_228' title='bbox 1021 2546 1166 2600; x_wconf 71' lang='lat' dir='ltr'>dubitasset</span> <span class='ocrx_word' id='word_1_229' title='bbox 1181 2554 1270 2599; x_wconf 84' lang='lat' dir='ltr'>tantae</span> <span class='ocrx_word' id='word_1_230' title='bbox 1286 2545 1420 2615; x_wconf 81' lang='lat' dir='ltr'>dignitatis</span> 
     </span>
     <span class='ocr_line' id='line_1_24' title="bbox 315 2612 1420 2686; baseline 0 -19"><span class='ocrx_word' id='word_1_231' title='bbox 315 2614 389 2667; x_wconf 83' lang='lat' dir='ltr'>viros</span> <span class='ocrx_word' id='word_1_232' title='bbox 406 2629 439 2666; x_wconf 86' lang='lat' dir='ltr'>ea</span> <span class='ocrx_word' id='word_1_233' title='bbox 455 2612 488 2666; x_wconf 91' lang='lat' dir='ltr'>de</span> <span class='ocrx_word' id='word_1_234' title='bbox 504 2630 583 2667; x_wconf 86' lang='lat' dir='ltr'>nausa</span> <span class='ocrx_word' id='word_1_235' title='bbox 599 2619 667 2668; x_wconf 82' lang='lat' dir='ltr'>tetro</span> <span class='ocrx_word' id='word_1_236' title='bbox 689 2616 790 2669; x_wconf 78' lang='lat' dir='ltr'>eruceri</span> <span class='ocrx_word' id='word_1_237' title='bbox 812 2615 948 2682; x_wconf 88' lang='lat' dir='ltr'>addioere,</span> <span class='ocrx_word' id='word_1_238' title='bbox 971 2630 1073 2686; x_wconf 64' lang='lat' dir='ltr'>‚operm</span> <span class='ocrx_word' id='word_1_239' title='bbox 1096 2614 1209 2686; x_wconf 84' lang='lat' dir='ltr'>pretinm</span> <span class='ocrx_word' id='word_1_240' title='bbox 1232 2632 1262 2669; x_wconf 88' lang='lat' dir='ltr'>sa</span> <span class='ocrx_word' id='word_1_241' title='bbox 1282 2622 1420 2685; x_wconf 85' lang='lat' dir='ltr'>praeterea</span> 
     </span>
     <span class='ocr_line' id='line_1_25' title="bbox 314 2681 1419 2769; baseline 0 -34"><span class='ocrx_word' id='word_1_242' title='bbox 314 2682 445 2736; x_wconf 78' lang='lat' dir='ltr'>facturum</span> <span class='ocrx_word' id='word_1_243' title='bbox 461 2681 633 2752; x_wconf 76' lang='lat' dir='ltr'>existimavit,</span> <span class='ocrx_word' id='word_1_244' title='bbox 657 2684 869 2755; x_wconf 81' lang='lat' dir='ltr'>alpetriaroltam</span> <span class='ocrx_word' id='word_1_245' title='bbox 886 2686 984 2739; x_wconf 86' lang='lat' dir='ltr'>liberae</span> <span class='ocrx_word' id='word_1_246' title='bbox 1000 2701 1064 2738; x_wconf 84' lang='lat' dir='ltr'>suae</span> <span class='ocrx_word' id='word_1_247' title='bbox 1079 2684 1218 2769; x_wconf 84' lang='lat' dir='ltr'>potestatis</span> <span class='ocrx_word' id='word_1_248' title='bbox 1233 2682 1360 2738; x_wconf 72' lang='lat' dir='ltr'>functioni</span> <span class='ocrx_word' id='word_1_249' title='bbox 1376 2699 1419 2735; x_wconf 87' lang='lat' dir='ltr'>re·</span> 
     </span>
     <span class='ocr_line' id='line_1_26' title="bbox 315 2749 1484 2825; baseline 0.004 -21"><span class='ocrx_word' id='word_1_250' title='bbox 315 2749 444 2805; x_wconf 83' lang='lat' dir='ltr'>stitueret</span> <span class='ocrx_word' id='word_1_251' title='bbox 478 2769 533 2805; x_wconf 88' lang='lat' dir='ltr'>rem</span> <span class='ocrx_word' id='word_1_252' title='bbox 558 2770 616 2807; x_wconf 87' lang='lat' dir='ltr'>eam</span> <span class='ocrx_word' id='word_1_253' title='bbox 637 2753 677 2807; x_wconf 84' lang='lat' dir='ltr'>sai</span> <span class='ocrx_word' id='word_1_254' title='bbox 701 2752 803 2809; x_wconf 86' lang='lat' dir='ltr'>arbitrii</span> <span class='ocrx_word' id='word_1_255' title='bbox 827 2755 935 2824; x_wconf 88' lang='lat' dir='ltr'>putabat</span> <span class='ocrx_word' id='word_1_256' title='bbox 952 2772 1025 2820; x_wconf 82' lang='lat' dir='ltr'>essa,</span> <span class='ocrx_word' id='word_1_257' title='bbox 1051 2771 1146 2825; x_wconf 72' lang='lat' dir='ltr'>qnippe</span> <span class='ocrx_word' id='word_1_258' title='bbox 1162 2770 1215 2808; x_wconf 86' lang='lat' dir='ltr'>uon</span> <span class='ocrx_word' id='word_1_259' title='bbox 1229 2752 1282 2808; x_wconf 84' lang='lat' dir='ltr'>alia</span> <span class='ocrx_word' id='word_1_260' title='bbox 1296 2768 1419 2819; x_wconf 67' lang='grc' dir='ltr'><strong><em>οαττοιο-</em></strong></span> <span class='ocrx_word' id='word_1_261' title='bbox 1477 2802 1484 2816; x_wconf 90' lang='grc'><strong><em>,</em></strong></span> 
     </span>
     <span class='ocr_line' id='line_1_27' title="bbox 317 2819 1418 2894; baseline 0 -19"><span class='ocrx_word' id='word_1_262' title='bbox 317 2820 389 2876; x_wconf 86' lang='lat' dir='ltr'>tiona</span> <span class='ocrx_word' id='word_1_263' title='bbox 413 2819 596 2891; x_wconf 67' lang='lat' dir='ltr'>suffragiorum</span> <span class='ocrx_word' id='word_1_264' title='bbox 621 2832 669 2877; x_wconf 87' lang='lat' dir='ltr'>aot</span> <span class='ocrx_word' id='word_1_265' title='bbox 690 2824 846 2894; x_wconf 78' lang='lat' dir='ltr'>repetitione</span> <span class='ocrx_word' id='word_1_266' title='bbox 869 2822 1000 2893; x_wconf 77' lang='lat' dir='ltr'>electionis</span> <span class='ocrx_word' id='word_1_267' title='bbox 1025 2828 1151 2892; x_wconf 58' lang='lat' dir='ltr'>mntem.</span> <span class='ocrx_word' id='word_1_268' title='bbox 1185 2822 1253 2877; x_wconf 78' lang='lat' dir='ltr'>haud</span> <span class='ocrx_word' id='word_1_269' title='bbox 1275 2823 1341 2877; x_wconf 89' lang='lat' dir='ltr'>enim</span> <span class='ocrx_word' id='word_1_270' title='bbox 1359 2838 1418 2875; x_wconf 81' lang='lat' dir='ltr'>vara</span> 
     </span>
     <span class='ocr_line' id='line_1_28' title="bbox 317 2891 1417 2963; baseline -0.002 -19"><span class='ocrx_word' id='word_1_271' title='bbox 317 2907 425 2946; x_wconf 81' lang='grc' dir='ltr'><strong><em>ττοσειι</em></strong></span> <span class='ocrx_word' id='word_1_272' title='bbox 441 2907 552 2961; x_wconf 89' lang='lat' dir='ltr'>unquam</span> <span class='ocrx_word' id='word_1_273' title='bbox 569 2891 878 2963; x_wconf 69' lang='lat' dir='ltr'>contantinopolitanam</span> <span class='ocrx_word' id='word_1_274' title='bbox 895 2893 982 2949; x_wconf 88' lang='lat' dir='ltr'>sedem</span> <span class='ocrx_word' id='word_1_275' title='bbox 999 2892 1080 2947; x_wconf 85' lang='lat' dir='ltr'>Veoci</span> <span class='ocrx_word' id='word_1_276' title='bbox 1096 2891 1273 2956; x_wconf 81' lang='lat' dir='ltr'>abdieau&#39;one,</span> <span class='ocrx_word' id='word_1_277' title='bbox 1286 2908 1363 2961; x_wconf 90' lang='lat' dir='ltr'>quam</span> <span class='ocrx_word' id='word_1_278' title='bbox 1375 2896 1417 2944; x_wconf 89' lang='lat' dir='ltr'>ot-</span> 
     </span>
     <span class='ocr_line' id='line_1_29' title="bbox 316 2960 1417 3047; baseline -0.001 -33"><span class='ocrx_word' id='word_1_279' title='bbox 316 2975 418 3030; x_wconf 84' lang='lat' dir='ltr'>ouoqoe</span> <span class='ocrx_word' id='word_1_280' title='bbox 441 2960 587 3032; x_wconf 84' lang='lat' dir='ltr'>imperatori</span> <span class='ocrx_word' id='word_1_281' title='bbox 611 2962 781 3031; x_wconf 74' lang='lat' dir='ltr'>significatam</span> <span class='ocrx_word' id='word_1_282' title='bbox 805 2968 834 3015; x_wconf 92' lang='lat' dir='ltr'>at</span> <span class='ocrx_word' id='word_1_283' title='bbox 857 2962 969 3016; x_wconf 85' lang='lat' dir='ltr'>oblatam</span> <span class='ocrx_word' id='word_1_284' title='bbox 991 2960 1105 3047; x_wconf 88' lang='lat' dir='ltr'>episoopi</span> <span class='ocrx_word' id='word_1_285' title='bbox 1121 2979 1170 3014; x_wconf 83' lang='lat' dir='ltr'>neo</span> <span class='ocrx_word' id='word_1_286' title='bbox 1185 2961 1349 3016; x_wconf 69' lang='lat' dir='ltr'>admisissent</span> <span class='ocrx_word' id='word_1_287' title='bbox 1371 2976 1417 3013; x_wconf 78' lang='lat' dir='ltr'>oen</span> 
     </span>
     <span class='ocr_line' id='line_1_30' title="bbox 315 3030 1416 3103; baseline 0.002 -22"><span class='ocrx_word' id='word_1_288' title='bbox 315 3030 479 3102; x_wconf 76' lang='lat' dir='ltr'>probassent.</span> <span class='ocrx_word' id='word_1_289' title='bbox 514 3030 562 3086; x_wconf 81' lang='lat' dir='ltr'>sed</span> <span class='ocrx_word' id='word_1_290' title='bbox 579 3047 663 3102; x_wconf 68' lang='lat' dir='ltr'>ueqm</span> <span class='ocrx_word' id='word_1_291' title='bbox 679 3032 702 3086; x_wconf 86' lang='lat' dir='ltr'>is</span> <span class='ocrx_word' id='word_1_292' title='bbox 718 3031 776 3103; x_wconf 90' lang='lat' dir='ltr'>ipse</span> <span class='ocrx_word' id='word_1_293' title='bbox 792 3031 891 3085; x_wconf 83' lang='lat' dir='ltr'>libellus</span> <span class='ocrx_word' id='word_1_294' title='bbox 907 3031 1076 3085; x_wconf 77' lang='lat' dir='ltr'>recusationis</span> <span class='ocrx_word' id='word_1_295' title='bbox 1094 3030 1179 3097; x_wconf 84' lang='lat' dir='ltr'>sedis,</span> <span class='ocrx_word' id='word_1_296' title='bbox 1196 3048 1282 3101; x_wconf 84' lang='lat' dir='ltr'>quem</span> <span class='ocrx_word' id='word_1_297' title='bbox 1304 3030 1416 3099; x_wconf 65' lang='lat' dir='ltr'>imperor</span> 
     </span>
     <span class='ocr_line' id='line_1_31' title="bbox 315 3097 1415 3171; baseline 0 -19"><span class='ocrx_word' id='word_1_298' title='bbox 315 3097 366 3152; x_wconf 88' lang='lat' dir='ltr'>tori</span> <span class='ocrx_word' id='word_1_299' title='bbox 384 3116 400 3152; x_wconf 90' lang='lat' dir='ltr'>a</span> <span class='ocrx_word' id='word_1_300' title='bbox 417 3098 515 3153; x_wconf 85' lang='lat' dir='ltr'>loanoe</span> <span class='ocrx_word' id='word_1_301' title='bbox 531 3101 619 3156; x_wconf 85' lang='lat' dir='ltr'>datam</span> <span class='ocrx_word' id='word_1_302' title='bbox 637 3100 759 3167; x_wconf 82' lang='lat' dir='ltr'>diximus,</span> <span class='ocrx_word' id='word_1_303' title='bbox 790 3100 824 3156; x_wconf 89' lang='lat' dir='ltr'>iis</span> <span class='ocrx_word' id='word_1_304' title='bbox 840 3107 898 3155; x_wconf 83' lang='lat' dir='ltr'>eret</span> <span class='ocrx_word' id='word_1_305' title='bbox 914 3102 1041 3154; x_wconf 82' lang='lat' dir='ltr'>formatus</span> <span class='ocrx_word' id='word_1_306' title='bbox 1058 3100 1158 3161; x_wconf 82' lang='lat' dir='ltr'>verbis,</span> <span class='ocrx_word' id='word_1_307' title='bbox 1185 3117 1253 3171; x_wconf 88' lang='lat' dir='ltr'>quae</span> <span class='ocrx_word' id='word_1_308' title='bbox 1275 3116 1352 3153; x_wconf 81' lang='lat' dir='ltr'>veras</span> <span class='ocrx_word' id='word_1_309' title='bbox 1373 3116 1415 3153; x_wconf 84' lang='lat' dir='ltr'>aa·</span> 
     </span>
     <span class='ocr_line' id='line_1_32' title="bbox 316 3167 1415 3242; baseline -0.001 -20"><span class='ocrx_word' id='word_1_310' title='bbox 316 3167 472 3237; x_wconf 86' lang='lat' dir='ltr'>nonioasqoe</span> <span class='ocrx_word' id='word_1_311' title='bbox 488 3168 619 3237; x_wconf 76' lang='lat' dir='ltr'>legitimae</span> <span class='ocrx_word' id='word_1_312' title='bbox 635 3169 801 3241; x_wconf 87' lang='lat' dir='ltr'>depositionis</span> <span class='ocrx_word' id='word_1_313' title='bbox 818 3186 910 3224; x_wconf 84' lang='lat' dir='ltr'>ennaea</span> <span class='ocrx_word' id='word_1_314' title='bbox 934 3170 1115 3242; x_wconf 73' lang='lat' dir='ltr'>exprimerent</span> <span class='ocrx_word' id='word_1_315' title='bbox 1147 3169 1242 3223; x_wconf 83' lang='lat' dir='ltr'>etenim</span> <span class='ocrx_word' id='word_1_316' title='bbox 1259 3168 1327 3223; x_wconf 84' lang='lat' dir='ltr'>hand</span> <span class='ocrx_word' id='word_1_317' title='bbox 1344 3168 1415 3221; x_wconf 86' lang='lat' dir='ltr'>ineo</span> 
     </span>
     <span class='ocr_line' id='line_1_33' title="bbox 315 3236 1415 3310; baseline 0.001 -21"><span class='ocrx_word' id='word_1_318' title='bbox 315 3236 453 3306; x_wconf 83' lang='lat' dir='ltr'>quidquem</span> <span class='ocrx_word' id='word_1_319' title='bbox 472 3236 632 3304; x_wconf 67' lang='lat' dir='ltr'>allegabatur</span> <span class='ocrx_word' id='word_1_320' title='bbox 648 3257 700 3309; x_wconf 91' lang='lat' dir='ltr'>quo</span> <span class='ocrx_word' id='word_1_321' title='bbox 717 3246 856 3310; x_wconf 85' lang='lat' dir='ltr'>appareret</span> <span class='ocrx_word' id='word_1_322' title='bbox 875 3237 995 3293; x_wconf 88' lang='lat' dir='ltr'>loannem</span> <span class='ocrx_word' id='word_1_323' title='bbox 1012 3248 1043 3293; x_wconf 88' lang='lat' dir='ltr'>ut</span> <span class='ocrx_word' id='word_1_324' title='bbox 1058 3238 1188 3308; x_wconf 77' lang='lat' dir='ltr'>indignum</span> <span class='ocrx_word' id='word_1_325' title='bbox 1204 3256 1236 3293; x_wconf 87' lang='lat' dir='ltr'>eo</span> <span class='ocrx_word' id='word_1_326' title='bbox 1251 3236 1309 3293; x_wconf 83' lang='lat' dir='ltr'>loeo</span> <span class='ocrx_word' id='word_1_327' title='bbox 1327 3244 1355 3290; x_wconf 86' lang='lat' dir='ltr'>et</span> <span class='ocrx_word' id='word_1_328' title='bbox 1370 3236 1415 3291; x_wconf 84' lang='lat' dir='ltr'>ed·</span> 
     </span>
     <span class='ocr_line' id='line_1_34' title="bbox 316 3303 1415 3379; baseline 0.005 -24"><span class='ocrx_word' id='word_1_329' title='bbox 316 3303 495 3357; x_wconf 79' lang='lat' dir='ltr'>ministrationi</span> <span class='ocrx_word' id='word_1_330' title='bbox 518 3306 644 3361; x_wconf 85' lang='lat' dir='ltr'>ecelesiae</span> <span class='ocrx_word' id='word_1_331' title='bbox 665 3308 778 3378; x_wconf 85' lang='lat' dir='ltr'>ineptum</span> <span class='ocrx_word' id='word_1_332' title='bbox 795 3316 841 3362; x_wconf 88' lang='lat' dir='ltr'>aut</span> <span class='ocrx_word' id='word_1_333' title='bbox 856 3306 980 3379; x_wconf 84' lang='lat' dir='ltr'>imparem</span> <span class='ocrx_word' id='word_1_334' title='bbox 994 3308 1053 3361; x_wconf 88' lang='lat' dir='ltr'>inde</span> <span class='ocrx_word' id='word_1_335' title='bbox 1075 3306 1228 3361; x_wconf 84' lang='lat' dir='ltr'>submoveri.</span> <span class='ocrx_word' id='word_1_336' title='bbox 1262 3307 1415 3361; x_wconf 74' lang='lat' dir='ltr'>oaunbatur</span> 
     </span>
     <span class='ocr_line' id='line_1_35' title="bbox 315 3370 1414 3447; baseline 0.002 -21"><span class='ocrx_word' id='word_1_337' title='bbox 315 3370 354 3426; x_wconf 89' lang='lat' dir='ltr'>ibi</span> <span class='ocrx_word' id='word_1_338' title='bbox 372 3377 470 3425; x_wconf 82' lang='lat' dir='ltr'>tentum</span> <span class='ocrx_word' id='word_1_339' title='bbox 486 3372 544 3443; x_wconf 89' lang='lat' dir='ltr'>ipse</span> <span class='ocrx_word' id='word_1_340' title='bbox 562 3376 661 3431; x_wconf 86' lang='lat' dir='ltr'>Vecous</span> <span class='ocrx_word' id='word_1_341' title='bbox 678 3376 827 3431; x_wconf 89' lang='lat' dir='ltr'>tumultuari</span> <span class='ocrx_word' id='word_1_342' title='bbox 843 3386 934 3431; x_wconf 82' lang='lat' dir='ltr'>eontra</span> <span class='ocrx_word' id='word_1_343' title='bbox 949 3396 979 3432; x_wconf 87' lang='lat' dir='ltr'>se</span> <span class='ocrx_word' id='word_1_344' title='bbox 995 3376 1134 3447; x_wconf 87' lang='lat' dir='ltr'>quosdam,</span> <span class='ocrx_word' id='word_1_345' title='bbox 1158 3394 1174 3431; x_wconf 89' lang='lat' dir='ltr'>a</span> <span class='ocrx_word' id='word_1_346' title='bbox 1195 3375 1290 3447; x_wconf 90' lang='lat' dir='ltr'>quibus</span> <span class='ocrx_word' id='word_1_347' title='bbox 1307 3376 1356 3429; x_wconf 85' lang='lat' dir='ltr'>etsi</span> <span class='ocrx_word' id='word_1_348' title='bbox 1371 3392 1414 3445; x_wconf 92' lang='lat' dir='ltr'>pa·</span> 
     </span>
     <span class='ocr_line' id='line_1_36' title="bbox 316 3442 1413 3516; baseline 0.003 -22"><span class='ocrx_word' id='word_1_349' title='bbox 316 3446 418 3496; x_wconf 84' lang='lat' dir='ltr'>teretur</span> <span class='ocrx_word' id='word_1_350' title='bbox 433 3442 554 3497; x_wconf 75' lang='lat' dir='ltr'>iniustam</span> <span class='ocrx_word' id='word_1_351' title='bbox 570 3448 729 3501; x_wconf 79' lang='lat' dir='ltr'>vexationem</span> <span class='ocrx_word' id='word_1_352' title='bbox 744 3446 803 3516; x_wconf 84' lang='lat' dir='ltr'>ipse</span> <span class='ocrx_word' id='word_1_353' title='bbox 818 3446 950 3512; x_wconf 79' lang='grc' dir='ltr'><strong><em>ἰσσσκὶσι,</em></strong></span> <span class='ocrx_word' id='word_1_354' title='bbox 975 3453 1059 3500; x_wconf 85' lang='lat' dir='ltr'>tameo</span> <span class='ocrx_word' id='word_1_355' title='bbox 1076 3445 1163 3499; x_wconf 85' lang='lat' dir='ltr'>vereri</span> <span class='ocrx_word' id='word_1_356' title='bbox 1178 3462 1235 3499; x_wconf 84' lang='lat' dir='ltr'>sesa</span> <span class='ocrx_word' id='word_1_357' title='bbox 1251 3445 1413 3499; x_wconf 80' lang='lat' dir='ltr'>offensionem</span> 
     </span>
     <span class='ocr_line' id='line_1_37' title="bbox 316 3509 1411 3585; baseline 0 -20"><span class='ocrx_word' id='word_1_358' title='bbox 316 3509 492 3578; x_wconf 87' lang='lat' dir='ltr'>infirmorum,</span> <span class='ocrx_word' id='word_1_359' title='bbox 507 3512 553 3583; x_wconf 89' lang='lat' dir='ltr'>qni</span> <span class='ocrx_word' id='word_1_360' title='bbox 568 3514 638 3568; x_wconf 76' lang='lat' dir='ltr'>forte</span> <span class='ocrx_word' id='word_1_361' title='bbox 653 3514 767 3585; x_wconf 72' lang='lat' dir='ltr'>vulgetis</span> <span class='ocrx_word' id='word_1_362' title='bbox 784 3516 810 3570; x_wconf 88' lang='lat' dir='ltr'>ln</span> <span class='ocrx_word' id='word_1_363' title='bbox 827 3532 856 3571; x_wconf 84' lang='lat' dir='ltr'>ae</span> <span class='ocrx_word' id='word_1_364' title='bbox 874 3516 1004 3570; x_wconf 85' lang='lat' dir='ltr'>oalomniis</span> <span class='ocrx_word' id='word_1_365' title='bbox 1022 3515 1083 3569; x_wconf 82' lang='lat' dir='ltr'>noti</span> <span class='ocrx_word' id='word_1_366' title='bbox 1100 3515 1133 3569; x_wconf 92' lang='lat' dir='ltr'>ad</span> <span class='ocrx_word' id='word_1_367' title='bbox 1148 3512 1312 3569; x_wconf 77' lang='lat' dir='ltr'>dubitandum</span> <span class='ocrx_word' id='word_1_368' title='bbox 1324 3512 1411 3585; x_wconf 85' lang='lat' dir='ltr'>enquid</span> 
     </span>
     <span class='ocr_line' id='line_1_38' title="bbox 314 3580 1412 3654; baseline 0.001 -19"><span class='ocrx_word' id='word_1_369' title='bbox 314 3580 383 3646; x_wconf 63' lang='lat' dir='ltr'>‚nitra</span> <span class='ocrx_word' id='word_1_370' title='bbox 400 3597 491 3635; x_wconf 78' lang='lat' dir='ltr'>noram</span> <span class='ocrx_word' id='word_1_371' title='bbox 508 3587 536 3636; x_wconf 86' lang='lat' dir='ltr'>et</span> <span class='ocrx_word' id='word_1_372' title='bbox 552 3582 647 3651; x_wconf 86' lang='lat' dir='ltr'>piaeuli</span> <span class='ocrx_word' id='word_1_373' title='bbox 663 3584 839 3654; x_wconf 74' lang='lat' dir='ltr'>oontagioneru</span> <span class='ocrx_word' id='word_1_374' title='bbox 856 3593 961 3654; x_wconf 87' lang='lat' dir='ltr'>possent</span> <span class='ocrx_word' id='word_1_375' title='bbox 977 3592 1031 3638; x_wconf 90' lang='lat' dir='ltr'>tam</span> <span class='ocrx_word' id='word_1_376' title='bbox 1048 3583 1174 3639; x_wconf 80' lang='lat' dir='ltr'>diffamati</span> <span class='ocrx_word' id='word_1_377' title='bbox 1189 3583 1295 3638; x_wconf 87' lang='lat' dir='ltr'>bominis</span> <span class='ocrx_word' id='word_1_378' title='bbox 1307 3584 1345 3637; x_wconf 88' lang='lat' dir='ltr'>nti</span> <span class='ocrx_word' id='word_1_379' title='bbox 1355 3600 1412 3637; x_wconf 89' lang='lat' dir='ltr'>oon-</span> 
     </span>
     <span class='ocr_line' id='line_1_39' title="bbox 314 3649 1412 3724; baseline 0.003 -19"><span class='ocrx_word' id='word_1_380' title='bbox 314 3649 466 3719; x_wconf 86' lang='lat' dir='ltr'>suatndine,</span> <span class='ocrx_word' id='word_1_381' title='bbox 489 3651 584 3705; x_wconf 89' lang='lat' dir='ltr'>oblatis</span> <span class='ocrx_word' id='word_1_382' title='bbox 605 3652 699 3707; x_wconf 86' lang='lat' dir='ltr'>delude</span> <span class='ocrx_word' id='word_1_383' title='bbox 720 3652 895 3707; x_wconf 86' lang='lat' dir='ltr'>oooasionibns</span> <span class='ocrx_word' id='word_1_384' title='bbox 920 3672 977 3711; x_wconf 83' lang='lat' dir='ltr'>eum</span> <span class='ocrx_word' id='word_1_385' title='bbox 994 3672 1025 3707; x_wconf 86' lang='lat' dir='ltr'>eo</span> <span class='ocrx_word' id='word_1_386' title='bbox 1043 3652 1135 3724; x_wconf 55' lang='lat' dir='ltr'>nendi</span> <span class='ocrx_word' id='word_1_387' title='bbox 1157 3655 1307 3715; x_wconf 82' lang='lat' dir='ltr'>aestuarent</span> <span class='ocrx_word' id='word_1_388' title='bbox 1323 3651 1412 3721; x_wconf 84' lang='lat' dir='ltr'>animo,</span> 
     </span>
     <span class='ocr_line' id='line_1_40' title="bbox 316 3720 1413 3807; baseline 0 -32"><span class='ocrx_word' id='word_1_389' title='bbox 316 3730 344 3775; x_wconf 88' lang='lat' dir='ltr'>at</span> <span class='ocrx_word' id='word_1_390' title='bbox 361 3722 430 3776; x_wconf 80' lang='lat' dir='ltr'>sorte</span> <span class='ocrx_word' id='word_1_391' title='bbox 447 3728 539 3775; x_wconf 83' lang='lat' dir='ltr'>eontra</span> <span class='ocrx_word' id='word_1_392' title='bbox 555 3722 636 3775; x_wconf 86' lang='lat' dir='ltr'>oilioii</span> <span class='ocrx_word' id='word_1_393' title='bbox 652 3722 839 3793; x_wconf 81' lang='lat' dir='ltr'>praescriptum</span> <span class='ocrx_word' id='word_1_394' title='bbox 856 3740 889 3807; x_wconf 63' lang='grc' dir='ltr'>ορ</span> <span class='ocrx_word' id='word_1_395' title='bbox 904 3740 994 3777; x_wconf 74' lang='lat' dir='ltr'>arram</span> <span class='ocrx_word' id='word_1_396' title='bbox 1009 3732 1097 3779; x_wconf 89' lang='lat' dir='ltr'>natum</span> <span class='ocrx_word' id='word_1_397' title='bbox 1121 3729 1298 3793; x_wconf 85' lang='lat' dir='ltr'>operarentur.</span> <span class='ocrx_word' id='word_1_398' title='bbox 1333 3739 1366 3775; x_wconf 91' lang='lat' dir='ltr'>ea</span> <span class='ocrx_word' id='word_1_399' title='bbox 1383 3720 1413 3775; x_wconf 91' lang='lat' dir='ltr'>da</span> 
     </span>
     <span class='ocr_line' id='line_1_41' title="bbox 314 3788 1412 3861; baseline -0.002 -16"><span class='ocrx_word' id='word_1_400' title='bbox 314 3808 394 3846; x_wconf 72' lang='lat' dir='ltr'>uuas</span> <span class='ocrx_word' id='word_1_401' title='bbox 417 3788 513 3846; x_wconf 79' lang='lat' dir='ltr'>ducena</span> <span class='ocrx_word' id='word_1_402' title='bbox 534 3790 617 3845; x_wconf 84' lang='lat' dir='ltr'>satine</span> <span class='ocrx_word' id='word_1_403' title='bbox 638 3793 786 3847; x_wconf 85' lang='lat' dir='ltr'>renuntiare</span> <span class='ocrx_word' id='word_1_404' title='bbox 809 3790 944 3861; x_wconf 74' lang='lat' dir='ltr'>dignitati,</span> <span class='ocrx_word' id='word_1_405' title='bbox 970 3798 998 3847; x_wconf 86' lang='lat' dir='ltr'>et</span> <span class='ocrx_word' id='word_1_406' title='bbox 1015 3812 1046 3847; x_wconf 90' lang='lat' dir='ltr'>eo</span> <span class='ocrx_word' id='word_1_407' title='bbox 1061 3793 1118 3848; x_wconf 88' lang='lat' dir='ltr'>looo</span> <span class='ocrx_word' id='word_1_408' title='bbox 1130 3792 1229 3845; x_wconf 81' lang='lat' dir='ltr'>oedere</span> <span class='ocrx_word' id='word_1_409' title='bbox 1245 3790 1289 3845; x_wconf 87' lang='lat' dir='ltr'>nbi</span> <span class='ocrx_word' id='word_1_410' title='bbox 1305 3807 1335 3844; x_wconf 87' lang='lat' dir='ltr'>sa</span> <span class='ocrx_word' id='word_1_411' title='bbox 1351 3808 1412 3845; x_wconf 86' lang='lat' dir='ltr'>non·</span> 
     </span>
     <span class='ocr_line' id='line_1_42' title="bbox 315 3858 1411 3935; baseline -0.001 -23"><span class='ocrx_word' id='word_1_412' title='bbox 315 3858 367 3913; x_wconf 87' lang='lat' dir='ltr'>nisi</span> <span class='ocrx_word' id='word_1_413' title='bbox 383 3879 440 3917; x_wconf 82' lang='lat' dir='ltr'>com</span> <span class='ocrx_word' id='word_1_414' title='bbox 459 3860 545 3931; x_wconf 87' lang='lat' dir='ltr'>aliquo</span> <span class='ocrx_word' id='word_1_415' title='bbox 562 3861 684 3916; x_wconf 83' lang='lat' dir='ltr'>seandalo</span> <span class='ocrx_word' id='word_1_416' title='bbox 700 3866 746 3915; x_wconf 87' lang='lat' dir='ltr'>aot</span> <span class='ocrx_word' id='word_1_417' title='bbox 762 3862 852 3915; x_wconf 86' lang='lat' dir='ltr'>saltem</span> <span class='ocrx_word' id='word_1_418' title='bbox 871 3862 982 3932; x_wconf 87' lang='lat' dir='ltr'>periculo</span> <span class='ocrx_word' id='word_1_419' title='bbox 999 3866 1102 3917; x_wconf 84' lang='lat' dir='ltr'>teneras</span> <span class='ocrx_word' id='word_1_420' title='bbox 1120 3862 1266 3932; x_wconf 86' lang='lat' dir='ltr'>pusillorum</span> <span class='ocrx_word' id='word_1_421' title='bbox 1283 3858 1411 3935; x_wconf 65' lang='lat' dir='ltr'>eonscien-</span> 
     </span>
     <span class='ocr_line' id='line_1_43' title="bbox 313 3928 1411 4002; baseline 0.001 -21"><span class='ocrx_word' id='word_1_422' title='bbox 313 3930 365 3981; x_wconf 88' lang='lat' dir='ltr'>tias</span> <span class='ocrx_word' id='word_1_423' title='bbox 383 3928 498 3983; x_wconf 85' lang='lat' dir='ltr'>laedendi</span> <span class='ocrx_word' id='word_1_424' title='bbox 515 3931 624 3984; x_wconf 89' lang='lat' dir='ltr'>baerere</span> <span class='ocrx_word' id='word_1_425' title='bbox 640 3948 691 3985; x_wconf 88' lang='lat' dir='ltr'>non</span> <span class='ocrx_word' id='word_1_426' title='bbox 710 3948 787 4002; x_wconf 82' lang='lat' dir='ltr'>posse</span> <span class='ocrx_word' id='word_1_427' title='bbox 804 3930 937 3989; x_wconf 70' lang='lat' dir='ltr'>iudicaret</span> <span class='ocrx_word' id='word_1_428' title='bbox 972 3931 999 3987; x_wconf 86' lang='lat' dir='ltr'>in</span> <span class='ocrx_word' id='word_1_429' title='bbox 1015 3932 1056 3986; x_wconf 80' lang='lat' dir='ltr'>iis</span> <span class='ocrx_word' id='word_1_430' title='bbox 1073 3938 1156 3987; x_wconf 84' lang='lat' dir='ltr'>autem</span> <span class='ocrx_word' id='word_1_431' title='bbox 1174 3948 1242 4001; x_wconf 84' lang='lat' dir='ltr'>qnae</span> <span class='ocrx_word' id='word_1_432' title='bbox 1258 3930 1317 3983; x_wconf 83' lang='lat' dir='ltr'>nola</span> <span class='ocrx_word' id='word_1_433' title='bbox 1333 3928 1411 3999; x_wconf 89' lang='lat' dir='ltr'>quod-</span> 
     </span>
     <span class='ocr_line' id='line_1_44' title="bbox 310 3998 1411 4071; baseline 0.001 -21"><span class='ocrx_word' id='word_1_434' title='bbox 310 4013 365 4066; x_wconf 78' lang='lat' dir='ltr'>que</span> <span class='ocrx_word' id='word_1_435' title='bbox 388 4000 525 4066; x_wconf 72' lang='lat' dir='ltr'>vestigium</span> <span class='ocrx_word' id='word_1_436' title='bbox 548 3998 719 4056; x_wconf 86' lang='lat' dir='ltr'>abdiaatioois</span> <span class='ocrx_word' id='word_1_437' title='bbox 741 4001 903 4071; x_wconf 82' lang='lat' dir='ltr'>apparereti</span> <span class='ocrx_word' id='word_1_438' title='bbox 930 4000 974 4055; x_wconf 91' lang='lat' dir='ltr'>obi</span> <span class='ocrx_word' id='word_1_439' title='bbox 990 4002 1076 4071; x_wconf 88' lang='lat' dir='ltr'>potius</span> <span class='ocrx_word' id='word_1_440' title='bbox 1092 4001 1174 4057; x_wconf 76' lang='lat' dir='ltr'>tacita</span> <span class='ocrx_word' id='word_1_441' title='bbox 1190 4000 1296 4071; x_wconf 86' lang='lat' dir='ltr'>querela</span> <span class='ocrx_word' id='word_1_442' title='bbox 1311 3998 1411 4067; x_wconf 83' lang='lat' dir='ltr'>sugilla-</span> 
     </span>
     <span class='ocr_line' id='line_1_45' title="bbox 310 4066 1410 4141; baseline 0.001 -21"><span class='ocrx_word' id='word_1_443' title='bbox 310 4071 402 4120; x_wconf 81' lang='lat' dir='ltr'>reotnr</span> <span class='ocrx_word' id='word_1_444' title='bbox 428 4066 467 4121; x_wconf 91' lang='lat' dir='ltr'>illi</span> <span class='ocrx_word' id='word_1_445' title='bbox 492 4068 621 4140; x_wconf 75' lang='lat' dir='ltr'>qui„cuns¹</span> <span class='ocrx_word' id='word_1_446' title='bbox 639 4071 784 4141; x_wconf 87' lang='lat' dir='ltr'>potuissent</span> <span class='ocrx_word' id='word_1_447' title='bbox 806 4068 976 4140; x_wconf 84' lang='lat' dir='ltr'>improborum</span> <span class='ocrx_word' id='word_1_448' title='bbox 998 4070 1111 4127; x_wconf 75' lang='lat' dir='ltr'>melitina</span> <span class='ocrx_word' id='word_1_449' title='bbox 1127 4070 1268 4131; x_wconf 76' lang='lat' dir='ltr'>obsistere.</span> <span class='ocrx_word' id='word_1_450' title='bbox 1294 4066 1410 4136; x_wconf 64' lang='lat' dir='ltr'>ausilimi</span> 
     </span>
     <span class='ocr_line' id='line_1_46' title="bbox 313 4130 1409 4209; baseline 0 -20"><span class='ocrx_word' id='word_1_451' title='bbox 313 4130 504 4208; x_wconf 73' lang='lat' dir='ltr'>circumventae</span> <span class='ocrx_word' id='word_1_452' title='bbox 532 4136 695 4193; x_wconf 70' lang='lat' dir='ltr'>inocentiae</span> <span class='ocrx_word' id='word_1_453' title='bbox 722 4138 886 4198; x_wconf 83' lang='lat' dir='ltr'>omisissent.¹</span> <span class='ocrx_word' id='word_1_454' title='bbox 918 4136 961 4193; x_wconf 87' lang='lat' dir='ltr'>bis</span> <span class='ocrx_word' id='word_1_455' title='bbox 990 4156 1047 4195; x_wconf 83' lang='lat' dir='ltr'>eum</span> <span class='ocrx_word' id='word_1_456' title='bbox 1075 4141 1108 4194; x_wconf 90' lang='lat' dir='ltr'>ab</span> <span class='ocrx_word' id='word_1_457' title='bbox 1137 4140 1293 4209; x_wconf 82' lang='lat' dir='ltr'>imperatore</span> <span class='ocrx_word' id='word_1_458' title='bbox 1316 4145 1370 4191; x_wconf 90' lang='lat' dir='ltr'>tum</span> <span class='ocrx_word' id='word_1_459' title='bbox 1394 4153 1409 4189; x_wconf 93' lang='lat' dir='ltr'>a</span> 
     </span>
     <span class='ocr_line' id='line_1_47' title="bbox 312 4203 1409 4272; baseline 0.002 -15"><span class='ocrx_word' id='word_1_460' title='bbox 312 4203 409 4271; x_wconf 76' lang='lat' dir='ltr'>syuodo</span> <span class='ocrx_word' id='word_1_461' title='bbox 433 4204 617 4272; x_wconf 81' lang='lat' dir='ltr'>oonsideratis‚</span> <span class='ocrx_word' id='word_1_462' title='bbox 639 4207 763 4268; x_wconf 76' lang='lat' dir='ltr'>communi</span> <span class='ocrx_word' id='word_1_463' title='bbox 787 4206 903 4263; x_wconf 87' lang='lat' dir='ltr'>omnibus</span> <span class='ocrx_word' id='word_1_464' title='bbox 927 4224 1051 4263; x_wconf 83' lang='lat' dir='ltr'>eonsensn</span> <span class='ocrx_word' id='word_1_465' title='bbox 1074 4208 1156 4263; x_wconf 82' lang='lat' dir='ltr'>visum</span> <span class='ocrx_word' id='word_1_466' title='bbox 1171 4216 1212 4262; x_wconf 83' lang='lat' dir='ltr'>est</span> <span class='ocrx_word' id='word_1_467' title='bbox 1229 4206 1409 4263; x_wconf 83' lang='lat' dir='ltr'>restituendum</span> 
     </span>
     <span class='ocr_line' id='line_1_48' title="bbox 309 4270 1409 4351; baseline 0.002 -22"><span class='ocrx_word' id='word_1_468' title='bbox 309 4270 431 4349; x_wconf 76' lang='lat' dir='ltr'>lumnam</span> <span class='ocrx_word' id='word_1_469' title='bbox 446 4273 475 4330; x_wconf 90' lang='lat' dir='ltr'>in</span> <span class='ocrx_word' id='word_1_470' title='bbox 489 4270 827 4348; x_wconf 67' lang='lat' dir='ltr'>iourmisnm‘esaraitium</span> <span class='ocrx_word' id='word_1_471' title='bbox 841 4294 971 4350; x_wconf 76' lang='lat' dir='ltr'>nunquam</span> <span class='ocrx_word' id='word_1_472' title='bbox 987 4278 1130 4351; x_wconf 61' lang='lat' dir='ltr'>sumptae</span> <span class='ocrx_word' id='word_1_473' title='bbox 1144 4276 1281 4335; x_wconf 79' lang='lat' dir='ltr'>ablatasve</span> <span class='ocrx_word' id='word_1_474' title='bbox 1297 4283 1409 4348; x_wconf 64' lang='lat' dir='ltr'>potente</span> 
     </span>
    </p>
   </div>
   <div class='ocr_carea' id='block_1_4' title="bbox 0 0 1568 4900">
    <p class='ocr_par' dir='ltr' id='par_1_5' title="bbox 0 0 1568 4900">
     <span class='ocr_line' id='line_1_49' title="bbox 0 0 1568 4900; baseline 0 5"><span class='ocrx_word' id='word_1_475' title='bbox 0 0 1568 4900; x_wconf 95' lang='lat' dir='ltr'> </span> 
     </span>
    </p>
   </div>
  </div>
 </body>
</html>
