3125 4900
306 260 383 340 544
609 262 846 334 onsanvtt.
869 260 1107 337 PAGHthER.

305 432 470 496 canonibus
491 432 674 493 contrarium
696 450 804 510 usum,
833 431 1006 492 conisctors
1032 429 1185 508 divinavi,
1214 448 1284 490 cum
1316 430 1427 491 nodi·

308 540 357 581 nes
379 539 484 579 omnen
510 518 553 577 ibi
570 518 816 601 ⁸manifestissime
841 516 979 599 corrupti
998 512 1086 577 elitsr
1104 536 1161 577 nac
1178 514 1427 594 intelligibilita-

308 624 376 665 eum
390 604 489 664 locum
507 600 691 664 exhiberent.
724 604 861 663 advertat
874 622 1002 682 aequum
1018 602 1150 662 animum
1163 600 1295 681 prudens
1309 602 1428 663 lector

307 700 339 751 et
351 690 470 749 iudicet
513 689 570 748 isto
586 690 668 767 quod
680 686 814 747 iudicsvi
833 688 932 768 cepits
949 688 1019 747 libri
1038 688 1066 747 V
1081 690 1226 748 disserena
1240 687 1425 766 imperator

308 774 390 855 apud
403 774 604 854 pet1iurchum
622 783 651 834 et
667 774 817 852 synodum
832 773 869 832 de
885 773 1074 833 concilianda
1086 774 1168 833 inter
1186 772 1330 832 eculeum
1345 774 1425 831 ln-

306 860 399 919 tinem
416 868 445 919 et
459 860 602 918 Grneeum
625 878 718 939 poce,
748 867 903 918 enumerat
923 860 1022 938 cepitn
1043 858 1082 917 de
1098 859 1207 938 quibua
1218 858 1422 917 conveniem-

306 945 380 1004 dum
402 954 492 1022 esset,
521 954 557 1003 ut
577 959 638 1023 pax
661 944 715 1003 ille
739 945 939 1017 coslesceret3
967 953 996 1003 et
1022 944 1180 1004 contendit
1199 942 1422 1003 demonstrem

304 1030 424 1089 nullutn
440 1048 541 1089 eorum
555 1030 614 1087 tels
625 1048 715 1089 essee
730 1050 791 1108 quo
807 1026 990 1088 admittendo
1002 1028 1162 1089 abhorrere
1176 1029 1337 1108 quisquam
1351 1029 1421 1089 de-

304 1115 373 1176 beat
395 1124 476 1174 metu
503 1114 609 1194 culpne
635 1114 873 1174 consciscendae.
926 1113 1055 1193 primum
1077 1115 1157 1173 enim
1173 1118 1359 1195 λειτουργεῖν
1374 1134 1418 1179 τι

304 1200 356 1263 καί
373 1194 590 1280 μνημονεύειν,
612 1200 722 1277 quibus
740 1199 859 1273 verbis,
882 1208 974 1278 prout
987 1220 1020 1258 en
1033 1200 1095 1259 suis
1108 1198 1184 1259 locis
1199 1200 1231 1257 in
1242 1198 1302 1258 hoc
1318 1198 1418 1259 Glos-

303 1286 382 1345 snrio
396 1304 586 1359 enarremus,
614 1284 813 1362 significavit,
841 1285 936 1365 priori
964 1284 1082 1363 quidem
1109 1284 1266 1343 sdmittere
1280 1284 1417 1343 latinos

303 1374 337 1429 in
351 1370 587 1429 communionem
599 1388 698 1429 sscrue
716 1369 876 1448 Liturgiae,
897 1369 957 1429 hoc
969 1380 1016 1428 est
1029 1390 1092 1429 eam
1105 1370 1180 1449 ipsis
1192 1368 1412 1450 praesentibus
1526 1405 1528 1496 γ

303 1465 333 1515 et
349 1455 546 1513 communiter
558 1455 711 1514 urentibus
727 1476 789 1515 non
803 1456 934 1514 eversari
949 1456 1107 1526 celebrere,
1123 1456 1217 1514 altero
1230 1472 1305 1514 vero
1318 1474 1414 1513 mem·

302 1541 415 1599 tionem
433 1558 525 1621 pupee
541 1540 636 1599 iacere
651 1540 801 1620 publicam
815 1541 847 1599 in
863 1539 1011 1618 liturgicis
1025 1540 1180 1619 precibusz
1200 1558 1245 1616 es,
1266 1539 1410 1619 iuquam,

305 1625 392 1684 ambo
413 1644 476 1685 esse
498 1625 581 1684 licita
600 1625 725 1685 evicisse
745 1624 804 1685 sibi
825 1624 909 1685 visne
931 1636 975 1685 eet
994 1625 1171 1685 auctoritate
1188 1624 1332 1685 ldsnuelia
1347 1644 1410 1704 ps·-
1526 1683 1528 1706 ,

302 1708 453 1771 triarcbue
478 1728 546 1770 cuin
565 1730 617 1769 sua
639 1710 755 1791 synodo
779 1719 810 1769 et
831 1710 951 1769 lonnnis
974 1712 1072 1770 Durae
1093 1709 1408 1790 imperatoriisque·

301 1796 390 1855 missa
403 1795 551 1874 legatione
565 1796 616 1855 ills
632 1796 712 1855 uitro
726 1797 898 1875 promisisse
908 1814 1018 1876 pupae,
1037 1798 1062 1855 ei
1082 1796 1244 1855 abstineret
1257 1813 1275 1853 n
1289 1794 1409 1855 inusu-
1526 1799 1527 1864 l

304 1882 351 1941 dis
364 1880 475 1941 Latinis
496 1881 547 1959 qui
565 1880 907 1962 Constantinopolitano
921 1881 1123 1960 potiebantur,
1145 1879 1278 1941 ostendit
1293 1898 1335 1939 ex
1351 1900 1408 1940 co-
1526 1881 1527 1886 '

304 1966 371 2025 dice
393 1966 533 2025 ecclesius
554 1964 697 2027 adsedem
717 1966 779 2027 aius
802 1966 848 2028 rei
866 1976 965 2044 gestae
986 1967 1154 2027 incieudsm
1175 1966 1307 2046 prolato.
1350 1965 1409 2025 ds-

302 2058 451 2112 monstrat
472 2050 579 2111 deinde
598 2052 768 2111 eorumdem
789 2051 969 2110 auctoritate
987 2052 1109 2111 Latinos
1124 2060 1254 2133 propter
1267 2049 1407 2110 additio-

302 2136 425 2196 nemin
449 2136 586 2217 symbolo
609 2156 669 2196 non
692 2156 753 2197 esse
769 2134 924 2196 habendus
940 2136 1122 2209 haereticos,
1152 2155 1223 2196 cum
1250 2135 1301 2195 illi
1319 2134 1405 2195 nihil

302 2230 376 2281 tunc
390 2222 498 2280 sliuds
512 2223 622 2281 Latinis
640 2221 800 2298 exegerint,
820 2220 879 2281 nisi
894 2232 929 2282 ut
942 2221 1176 2281 sdditsmentum
1189 2220 1273 2281 istud
1286 2240 1305 2280 e
1317 2241 1405 2300 sym·
1526 2267 1527 2270 ,

299 2307 372 2366 bolo
387 2306 545 2382 tollerent,
572 2304 648 2365 nihil
668 2304 860 2385 prohibente!
880 2308 1037 2385 quominus
1054 2308 1087 2365 in
1102 2305 1226 2365 cueteria
1238 2306 1401 2385 scripturis

300 2388 334 2451 id
359 2391 523 2452 retinerent
540 2399 570 2448 et
593 2391 746 2470 legerent;
779 2392 861 2470 quod
887 2391 1019 2453 ostendit
1042 2392 1211 2452 doctrinam
1235 2391 1335 2473 ipsum
1364 2410 1402 2452 ec
1526 2427 1527 2473 ο

300 2477 408 2555 dogma
428 2495 613 2554 nequequam
633 2476 706 2554 ipsis
729 2476 940 2557 displicuisse,
970 2497 1007 2536 sc
1038 2486 1256 2557 consequenter
1280 2477 1400 2537 omnim

298 2559 349 2620 bic
361 2560 504 2633 haeresia,
524 2560 636 2620 iudicio
651 2578 773 2637 eorum,
794 2581 856 2620 non
873 2561 974 2624 luisse.
1016 2561 1096 2624 bsnc
1108 2571 1184 2644 puto
1198 2578 1262 2623 esee
1277 2572 1402 2623 senteu-

296 2646 371 2706 tiam
385 2645 510 2706 illorum
521 2645 697 2722 verborum,
719 2645 853 2725 alioquin
866 2645 957 2707 bmtts
969 2648 1127 2728 scriptoris
1143 2667 1227 2708 more
1244 2665 1281 2706 eo
1298 2666 1401 2728 peon·
1526 2646 1527 2657 ¹

297 2728 368 2791 lieri
388 2731 474 2810 genio
494 2751 564 2792 sene
584 2730 812 2811 perplexorum:
839 2736 907 2806 πῶς
927 2730 971 2814 μή
986 2738 1222 2817 κατηγοροῦντες
1237 2727 1316 2807 ὅλως
1328 2726 1400 2796 α’σσ-

299 2818 383 2894 βείας
400 2816 487 2896 (huic
505 2816 574 2876 voci
594 2815 754 2879 Vaticanus
779 2817 936 2878 substituit
958 2819 1093 2900 αἵρεσιν,
1121 2838 1185 2879 nou
1204 2818 1297 2897 mais)
1324 2814 1402 2893 τοιίς
1526 2844 1528 2865 ²

295 2897 439 2979 Ἰταλούς,
461 2895 570 2982 η’ξίουν
587 2907 809 2984 παραιροῦντας
828 2900 886 2982 τήν
897 2899 1081 2986 προσθήκην
1098 2908 1156 2967 tou*
1170 2897 1340 2985 συμβόλου,
1361 2903 1400 2967 ἐν

297 2994 364 3061 ταῖς
384 2991 502 3062 λοιπαῖς
528 2995 659 3070 γραφαῖς
688 2981 883 3070 οἷνοίγροοιτον
902 2988 1045 3069 ἔχοντας,
1073 2988 1240 3052 nerduinus
1260 2994 1326 3063 τοῖς
1343 3009 1398 3052 ττ-

299 3071 484 3154 φρασμίυοις
499 3070 554 3152 (its
571 3073 651 3132 clere
672 3073 759 3133 ambo
772 3072 891 3136 codices
905 3075 1013 3153 optimi
1030 3075 1054 3132 B
1068 3083 1099 3134 et
1114 3075 1150 3150 t,
1164 3092 1233 3134 cum
1247 3074 1397 3154 irsgrnen-

298 3166 365 3216 tum
381 3155 533 3216 ul'etnvio
547 3157 661 3216 editum
673 3156 894 3240 αεφρσγμίνοος
906 3152 1281 3244 1οςαί)οίναγινόσιιοντας.
1319 3158 1397 3220 baec

298 3241 343 3301 sic
356 3241 531 3300 adverbum
548 3251 671 3304 sonunt:
694 3255 730 3302 ut
746 3246 868 3302 omnino
878 3265 940 3303 non
958 3256 1138 3305 accusantes
1150 3246 1397 3324 impietatissive

298 3325 452 3386 Ῑιαονοοιοσ
473 3325 587 3402 Italae,
609 3331 772 3408 petierint,
795 3323 919 3388 setheo
940 3331 1028 3389 modo
1048 3329 1257 3390 additamento
1281 3351 1397 3409 reyne-

300 3411 383 3483 bolo,
419 3413 452 3470 ἰιι
479 3409 607 3491 reliquis
631 3415 794 3494 scripturis
815 3411 853 3473 id
875 3419 1080 3497 conscriptum
1110 3416 1269 3492 habentes,
1298 3416 1397 3475 simul

300 3491 498 3578 e'fferrscum
522 3497 598 3556 altis
620 3520 700 3578 quas
727 3521 761 3558 rx
788 3501 831 3558 ι’ἰο
854 3499 972 3559 martis
992 3499 1226 3581 pronunciando
1255 3502 1395 3583 legerent.

298 3579 379 3642 banc
391 3582 482 3662 plane
493 3583 681 3660 sententium,
701 3585 792 3664 paulo
807 3585 981 3646 clarioribus
996 3586 1155 3647 dumtaxat
1167 3587 1277 3665 verbis,
1297 3589 1396 3647 iuter-

298 3667 429 3747 pretetio
443 3667 506 3727 eiua
518 3667 624 3748 cepitis
641 3678 743 3729 nostru
756 3669 908 3750 exprimit
947 3673 1058 3732 transit
1072 3673 1201 3753 denique
1214 3673 1253 3733 ud
1270 3673 1398 3732 damen·

298 3753 452 3813 strandum
468 3751 545 3812 nibil
563 3772 625 3813 esse
639 3755 740 3815 illiciti
751 3753 784 3814 in
801 3755 984 3816 admittendo
1005 3759 1286 3818 commemoratione
1298 3758 1397 3817 nomi·

174 3855 180 3874 ·
298 3837 347 3896 uis
365 3859 460 3920 popae
473 3838 506 3898 iu
526 3839 673 3919 liturgicis
689 3841 912 3921 precationibus
929 3842 1123 3904 Graecorum.
1165 3843 1252 3904 etde
1269 3841 1329 3902 hoc
1345 3863 1395 3901 cs·
1421 3833 1431 3857 ‘

296 3921 360 4002 pite
374 3923 420 3982 sic
432 3923 567 4004 loquitur
578 3926 610 3982 in
625 3924 728 3986 codice
742 3922 921 3987 Bsrbsrino:
940 3924 1010 3990 τινοί
1021 3930 1040 3991 d
1045 3922 1053 3949 '
1070 3928 1148 4010 ἔχειν
1159 3925 1215 4010 τήν
1227 3929 1395 3990 κοινωνίαν

295 4003 320 4084 ai
342 4001 390 4068 ἐτ’
409 4007 567 4088 ἐκκλησίας
581 4005 722 4091 ἆααφοριί
737 4014 795 4074 τοῦ
816 4005 976 4091 ὀνόματος,
1001 4007 1078 4077 ὅπου
1096 4037 1130 4098 γε
1148 4013 1202 4077 sul
1221 4009 1266 4094 μα’
1286 4007 1393 4088 πάντας

296 4087 387 4164 ὄντας
405 4089 478 4168 τους
491 4091 599 4170 ἄλλους
611 4089 727 4178 ἀνάγκη
742 4093 877 4177 natiso>
889 4103 955 4171 τοῖς
974 4100 1135 4175 κοινωνίας
1148 4105 1214 4174 τοῖς
1229 4094 1393 4179 ἐκκλησιά-

295 4176 381 4250 ζουσι
401 4178 634 4258 συνισταμένους
651 4184 893 4266 λειτουργοῦντος
910 4185 966 4244 τοῦ
989 4183 1109 4268 ispius,
1138 4183 1191 4248 ταί
1201 4181 1258 4266 τήν
1269 4179 1392 4267 τριάδος

294 4257 384 4346 χάριν
404 4260 625 4346 παραδιδόντος
643 4269 761 4344 κοινοῖς.
804 4266 970 4332 bllntiunns
983 4270 1017 4332 iu
1032 4268 1094 4333 hon
1104 4278 1224 4335 uutnn
1240 4269 1393 4354 discrnpst
