3125 4900
395 276 420 348 7
426 271 473 349 to
697 271 933 354 OBSERVAT.
956 269 1192 347 racemu-

393 442 429 504 ln
445 439 584 504 exereitu
601 439 755 519 Romano,
781 439 817 500 in
837 459 899 522 quo
922 437 1064 502 tribunae
1087 437 1144 502 'nb
1163 436 1433 522 impunitatem

393 529 489 592 Paulo
507 525 672 606 militabat,
707 525 854 588 concione
874 525 976 586 habita
994 545 1066 587 euoa
1077 525 1118 588 ad
1128 545 1260 608 pugnam
1271 524 1432 587 hunntdo

393 613 518 693 eritque
531 631 634 672 oauaaa
644 611 805 695 eelipaium
817 621 848 672 et
861 619 959 672 emtor
970 620 1097 672 arentur
1113 611 1175 672 euie
1184 611 1353 693 tenporibn
1361 629 1433 668 neee-

392 699 507 776 earioe,
527 707 590 759 tam
609 698 692 758 felici
711 706 822 758 eventu
842 705 877 757 ut
889 696 927 757 eb
939 695 983 756 eia
1002 696 1281 758 abetuleritvanum
1292 695 1432 756 illumina

390 805 454 847 rem
474 783 527 864 qni
544 803 584 843 ex
603 787 649 844 rei
664 782 801 845 ueritate
819 791 851 844 at
862 780 1019 844 ineoleatia
1039 783 1112 844 oriri
1124 781 1198 848 aolet
1210 780 1432 864 ignoramur

391 889 461 930 eum
474 867 630 950 pugnandi
641 869 780 930 ardorem
793 867 906 929 edoctie
920 876 951 928 et
966 867 1109 929 rinoeudi
1121 867 1241 950 eupidie
1251 866 1345 928 inierit
1354 885 1383 924 ar
1395 883 1431 942 quo

391 955 483 1036 plena
504 954 634 1014 victoria
653 955 793 1016 Romania
812 953 930 1031 evenit,
961 971 1031 1014 oum
1055 961 1160 1014 eontra
1174 954 1208 1014 in
1222 953 1323 1014 oratrie
1334 951 1431 1011 neela

390 1059 465 1100 num
476 1039 594 1101 noviter
609 1047 642 1100 et
654 1039 823 1119 ignorantie
837 1039 944 1100 feeerit
953 1057 1003 1099 rea
1017 1046 1097 1099 ntea
1110 1039 1242 1120 prodigii
1250 1039 1338 1102 iuatar
1349 1035 1431 1094 babae

390 1133 460 1199 tur,
482 1133 513 1185 et
533 1125 654 1207 ealipeia
667 1126 734 1187 riea
748 1125 916 1186 exietimeta
929 1122 970 1184 eit
982 1123 1161 1205 praenuntia
1179 1126 1268 1204 fugae
1288 1131 1317 1185 et
1330 1118 1431 1208 deleetle·

389 1210 438 1274 uie
453 1210 567 1288 Persei,
589 1229 680 1290 quam
693 1210 887 1272 Macedoniae
898 1209 997 1270 eladae
1009 1217 1055 1271 eat
1069 1219 1239 1272 omeeeuta

475 1311 522 1372 lta
540 1332 638 1393 nuper
653 1311 887 1394 Chrietopborua
905 1313 1067 1374 Columbue
1081 1333 1162 1374 anne
1183 1311 1294 1375 cerreti
1307 1313 1431 1387 tillim

390 1397 599 1457 alimentorum
612 1397 716 1480 inopia
727 1399 893 1475 laboraret,
916 1417 972 1459 neo
988 1406 1088 1478 pereat
1099 1419 1117 1458 a
1130 1395 1363 1472 lemaieaneibm,
1379 1389 1431 1471 apol

389 1501 466 1562 quoe
487 1482 590 1543 elaeeie
609 1483 759 1565 liupana,
787 1483 835 1545 eui
853 1492 1010 1565 praeerat,
1038 1483 1213 1565 appulerat,
1242 1482 1275 1544 vi
1294 1490 1322 1541 et
1338 1475 1430 1562 proult·

387 1565 535 1626 auxilium
550 1567 728 1649 impetrare,
749 1587 820 1630 neue
835 1577 882 1628 eet
903 1568 1027 1631 eoieutia
1040 1569 1197 1651 proximae
1216 1567 1344 1649 eclipsin,
1360 1563 1430 1623 etbu-

388 1651 468 1712 barie
485 1653 548 1712 eine
560 1651 671 1732 ignarie
682 1663 795 1736 peetem
808 1653 1047 1734 impendentem,
1067 1654 1127 1714 niei
1140 1671 1228 1733 opem
1242 1655 1353 1728 terrant,
1367 1645 1430 1708 uite·

386 1745 437 1796 tue
451 1735 528 1797 diem
541 1745 571 1797 et
584 1738 688 1799 horam
700 1739 875 1801 delectionis
888 1739 979 1801 lunae
993 1737 1108 1814 edixit,
1130 1758 1189 1818 quo
1202 1739 1251 1800 illi
1261 1735 1379 1820 prodigio
1387 1751 1430 1810 pu·

385 1823 463 1882 oulai
484 1831 513 1882 et
532 1826 652 1902 gravina
667 1824 783 1905 aliquid
801 1833 966 1885 metuente·
975 1823 1013 1883 ad
1029 1823 1210 1889 columbum
1226 1823 1310 1904 quari
1323 1839 1366 1881 rua
1376 1814 1429 1876 irbr-

384 1907 530 1968 maritate
541 1908 686 1970 offeneum
698 1911 820 1989 oopioao
830 1910 969 1970 inetructi
981 1917 1149 1969 commeatu
1162 1908 1313 1992 aupplioea
1323 1908 1429 1974 remi

384 2001 416 2053 et
433 1993 551 2056 veniam
562 1994 681 2056 laoiiiue
699 2015 789 2075 quam
801 1995 962 2076 sperabant
973 2015 1028 2056 eua
1040 1993 1221 2056 liberalitate
1233 1993 1406 2076 inponant

277 2119 301 2174 Ρ
314 2119 368 2176 eoo
468 2112 514 2174 lta
525 2113 667 2180 Claudius
685 2115 864 2196 imperator,
884 2122 921 2175 ut
934 2111 1024 2174 babet
1037 2113 1093 2174 llio
1105 2113 1128 2174 l.
1141 2115 1172 2190 d,
1191 2134 1264 2174 curn
1275 2117 1399 2174 vereretur
1408 2121 1429 2162 u

381 2197 455 2262 eolie
468 2199 599 2262 defectio
613 2201 717 2260 sutura
729 2199 779 2261 die
791 2219 848 2261 auo
861 2199 953 2260 natali
968 2219 1046 2258 anno
1059 2197 1178 2281 imperii
1194 2199 1302 2278 quinto
1313 2192 1428 2257 tumultun

381 2284 494 2346 Romae
517 2295 638 2365 pareret
659 2304 699 2346 ex
720 2285 889 2365 ignorentia
907 2293 939 2344 et
957 2283 1092 2345 novitate
1113 2283 1221 2344 innota
1238 2303 1314 2346 reno
1332 2276 1428 2340 timone

379 2367 736 2519 rr
746 2360 1427 2536 imm

377 2538 548 2619 inruperat
562 2560 666 2601 caueae
685 2540 764 2614 eine,
792 2540 989 2621 quantitatem
1012 2549 1041 2601 et
1053 2540 1246 2601 durationem
1263 2536 1382 2620 exposuit
1392 2542 1426 2589 lm

378 2623 518 2685 dietincte
532 2635 563 2687 et
573 2624 818 2704 intelligibiliter,
840 2635 876 2686 ut
888 2646 924 2687 eo
938 2626 1005 2688 vieo
1014 2645 1101 2687 nemo
1114 2624 1238 2687 timeret
1249 2636 1301 2687 aut
1309 2623 1427 2685 marren

378 2729 484 2770 omnee
497 2710 688 2793 imperatorie
702 2711 879 2793 eapientiam
891 2720 1116 2773 venerarentur.

463 2813 545 2877 xlv.
587 2814 720 2874 Tollitur
733 2824 888 2895 praeterea
906 2813 1004 2875 inania
1021 2812 1076 2873 illa
1096 2810 1222 2894 opinio,
1250 2809 1326 2893 quod
1343 2804 1427 2883 eripe

379 2897 447 2959 orbi
460 2907 604 2979 noceant,
625 2898 708 2979 quod
724 2900 826 2961 eladae
840 2908 937 2981 peetee
951 2908 982 2961 et
992 2898 1071 2959 bella
1085 2898 1184 2979 regnis
1193 2897 1361 2980 importent,
1376 2882 1426 2967 quel

379 2983 552 3045 vertitatem
575 2993 606 3045 et
623 2983 832 3047 aubreraionea
849 2985 1042 3066 imperiorum
1061 3003 1099 3044 ae
1109 2980 1266 3061 religioni·
1277 2980 1325 3043 rel
1338 2974 1427 3067 elideri

379 3070 431 3128 vel
448 3072 670 3149 praenuntient.
711 3071 854 3131 murnum
873 3069 953 3132 enim
975 3069 1185 3151 quodcumque
1206 3077 1290 3129 areat
1305 3060 1427 3142 aelipeieu

379 3154 500 3215 modica
517 3155 632 3217 iaotma
650 3155 728 3217 lucie
747 3166 778 3219 et
794 3155 921 3217 benefici
931 3154 1067 3217 influxus
1085 3174 1149 3219 nan
1160 3152 1317 3219 admodum
1328 3148 1426 3237 diurno·

379 3238 528 3299 ooneiatit.
568 3242 638 3322 plna
659 3260 747 3323 aaepe
766 3240 857 3307 unioa
876 3261 940 3302 nox
960 3251 1013 3303 aut
1032 3240 1095 3302 diae
1113 3239 1238 3321 pluriua
1260 3234 1362 3300 mundo
1379 3232 1426 3289 ΙΝ

378 3322 493 3383 amieae
510 3333 541 3385 et
553 3325 749 3405 benignarum
770 3326 997 3389 induentiarum
1014 3326 1104 3407 eripit
1117 3344 1206 3404 quam
1222 3325 1341 3405 eolipaea
1351 3316 1426 3411 doctu

375 3417 409 3469 et
421 3412 571 3490 eapienter
582 3410 664 3472 viaue
678 3422 723 3473 eet
739 3431 827 3492 agere
847 3413 991 3491 rareto,
1019 3413 1165 3475 referente
1183 3407 1341 3472 Plutarcho
1355 3404 1426 3461 inan

375 3496 456 3572 vita,
478 3495 533 3576 qui
545 3496 631 3557 narie
642 3496 852 3578 imperatoriae
865 3499 1094 3579 gubernatorem
1115 3496 1223 3577 eolipei
1241 3494 1311 3556 aelia
1319 3486 1426 3576 territum

374 3579 411 3643 ia
434 3582 535 3642 medio
554 3581 700 3644 victoriae
718 3603 811 3645 ouran
828 3604 929 3646 morea
946 3583 1128 3661 trabeam,
1158 3580 1315 3661 chlamyde
1327 3570 1427 3637 involet

373 3673 407 3725 et
418 3665 615 3747 interrogarit
629 3688 667 3727 an
684 3668 759 3749 quid
777 3688 817 3731 ex
839 3690 875 3731 oo
891 3670 1040 3734 velamine
1059 3668 1183 3729 aeutirot
1198 3658 1379 3735 inoommolllr
1393 3671 1426 3711 θ’

375 3768 437 3829 qua
458 3763 585 3833 negante
599 3754 699 3814 ullum
714 3774 747 3815 ee
764 3756 908 3835 eeueieae,
935 3754 1037 3821 docuit
1055 3752 1173 3817 nullum
1193 3752 1316 3813 maiora
1330 3740 1380 3807 eolt
1392 3752 1425 3834 ΒΕ

373 3836 479 3899 lunam
491 3838 699 3921 interpoeitam
712 3840 812 3903 relato
824 3840 990 3903 timendum
1002 3860 1074 3919 erae,
1094 3848 1125 3901 et
1136 3840 1228 3923 paulo
1243 3834 1353 3919 quidem
1362 3838 1425 3887 mur

373 3942 438 3983 oete
461 3925 580 3987 eoelum
593 3934 623 3986 et
639 3925 847 3989 diuturnioree
866 3930 932 3989 lora
944 3926 1099 4005 tenebrae,
1120 3926 1174 3987 aad
1186 3924 1281 3985 rolem
1294 3936 1349 3982 ron
1359 3906 1424 3974 flsslll

371 4015 444 4086 poet
456 4028 510 4069 auo
524 4010 679 4091 aplendori
692 4012 758 4073 aine
780 4013 840 4076 alio
856 4013 1048 4075 incommodo
1065 4010 1217 4074 reddibrm
1228 4009 1267 4071 iri
1273 4030 1284 4085 3
1302 4000 1372 4089 qud
1381 4008 1424 4055 ω

371 4090 486 4153 laetum
498 4105 592 4174 eaaet,
610 4116 734 4159 currum
748 4098 852 4160 clareia
866 4099 984 4161 telioem
996 4107 1086 4159 nacta
1096 4108 1151 4167 eet.

455 4194 525 4257 lion
542 4197 585 4259 ita
604 4200 705 4261 Niciae
723 4208 778 4261 aut
798 4200 906 4263 doetue
929 4210 982 4263 aut
1000 4200 1090 4277 felir,
1120 4199 1174 4283 qni
1188 4198 1238 4262 rel
1255 4171 1421 4275 inperitiatl

372 4282 586 4365 apameam
597 4285 635 4346 n
646 4286 752 4370 κυρεῖ
766 4286 1000 4369 lalaetano,
1020 4286 1137 4352 veatae
1152 4286 1274 4349 emm
1285 4262 1421 4363 pendr-
