3125 4900
365 318 441 393 546
645 316 901 388 'OBSERVAL
925 316 1166 387 Pacuium

363 490 453 550 nullo
477 485 590 546 ‘civium
613 484 761 547 aeutiente
779 502 901 545 mamm
920 483 1025 544 infeati
1044 484 1133 545 aealia
1152 481 1281 543 admotie
1301 500 1470 562 anper-aaa-

361 584 443 637 rant.
477 570 561 631 uine
573 578 658 653 patet
680 570 752 679 ‹puial
769 570 849 630 velit
861 568 923 629 hoc
941 570 1010 629 loco
1023 579 1142 644 noma,
1163 569 1236 629 dum
1250 566 1292 628 ait
1303 586 1413 647 pacem
1431 566 1469 625 ab

362 656 519 739 Epheaino
540 666 570 715 et
592 654 659 716 aliia
679 658 893 729 αντιστατινῶς
910 654 1065 715 dumtaxat
1086 653 1262 731 admiaaam,
1289 652 1468 711 confitendo

361 742 509 804 nimirum
531 762 596 802 eam
614 740 727 819 malam
746 760 828 815 eaae,
860 739 914 800 aed
930 738 1081 800 maiorum
1099 738 1248 799 malorum
1269 736 1469 797 vitandorum

364 848 456 889 cauae
479 836 561 886 recte
582 826 737 887 toleratam
765 825 915 886 arbitrari.
966 824 1000 883 in
1025 844 1086 904 quo
1105 823 1253 902 detegitur
1273 823 1404 882 ultimae
1422 843 1470 881 re-

364 924 472 993 ceptus
489 911 696 971 schismaticae
709 910 923 985 contumaciae,
944 917 976 969 et
987 908 1160 971 declaratur
1172 929 1261 988 quam
1275 928 1383 987 parum
1404 908 1469 966 ein.

362 1018 429 1059 cera
443 996 503 1055 lide
516 997 651 1076 plerique
661 1006 737 1057 tunc
754 997 937 1057 Graecorum
950 994 1040 1057 iatam
1051 1015 1120 1056 cum
1133 995 1241 1055 huna
1252 992 1378 1053 eccleeia
1392 1014 1469 1052 oon-

364 1082 498 1145 cordiam
513 1080 575 1141 sint
587 1082 729 1163 amplexi.

450 1160 653 1247 ἇποστολή
675 1189 705 1248 p.
727 1164 789 1231 tat
804 1184 835 1228 v.
850 1170 881 1230 7.
923 1166 1004 1224 inter
1032 1183 1136 1225 cauam
1161 1184 1237 1243 quae
1251 1164 1468 1243 imperatorem

363 1252 572 1328 Palaeologum
587 1258 748 1313 moverunt
762 1249 802 1309 ad
817 1249 1020 1322 abaieteudum
1037 1259 1145 1331 coepta
1162 1248 1387 1330 oppugnatione
1404 1248 1468 1305 Ga-

362 1339 441 1397 latae
456 1337 699 1413 obsidionemque
711 1336 902 1411 aolvendam,
923 1344 1231 1415 enumeratapaream
1248 1336 1358 1393 samam
1371 1332 1468 1391 anxi·
1519 1347 1520 1394 i

222 1488 235 1505 ¹
363 1425 473 1481 tiorum
487 1442 503 1477 a
516 1420 585 1481 aede
599 1421 771 1501 Apostolica
791 1420 851 1480 iam
866 1418 1081 1482 aubmiaeorum
1101 1419 1229 1479 obeeaeia
1246 1419 1423 1477 validorum
1437 1427 1468 1476 et

257 1524 346 1580 [¹372
363 1508 421 1567 ium
438 1506 675 1567 adventantium.
717 1499 871 1586 ἆποστολή
890 1505 983 1583 igitur
1005 1503 1065 1565 hoc
1086 1506 1155 1566 loco
1174 1502 1254 1565 nihil
1272 1504 1357 1565 aliud
1372 1524 1467 1583 quam

362 1592 461 1655 aedem
476 1589 680 1671 Apoatolicam
693 1592 857 1651 Romanam
871 1600 969 1651 aonat.

448 1670 652 1753 diripuere
678 1696 709 1756 p.
733 1679 797 1743 268
812 1696 842 1735 v.
859 1674 909 1741 14.
952 1673 1170 1735 denuntiarunt
1191 1671 1383 1755 patriarchae
1403 1672 1467 1733 da-

362 1761 653 1840 mnationem'ipaiue
667 1770 699 1820 et
712 1760 927 1840 depoeitionem
940 1760 1053 1820 iudicio
1070 1760 1180 1839 aynodi
1190 1761 1352 1820 decretam.
1381 1760 1466 1818 unde

362 1847 544 1925 intelligitur
556 1845 592 1906 iu
606 1846 695 1907 titulo
709 1866 772 1926 cap.
788 1846 884 1921 aexti,
906 1845 958 1925 qui
970 1846 1014 1907 aic
1024 1845 1128 1906 habet:
1150 1840 1233 1919 ὅπως
1247 1843 1465 1923 συναχθέντων
1519 1891 1520 1902 ,

363 1936 426 1996 τοῖν
439 1926 598 2013 ἀρχιερέων
615 1927 650 1994 ad
664 1930 777 1995 τέλειον
795 1925 921 2012 μήνυμα
940 1930 992 1994 aet
1012 1930 1062 1995 tut
1085 1924 1182 2013 τούτῳ
1203 1924 1397 2010 eio’oipooer
1421 1929 1464 2010 yi-
1519 1949 1520 1952 ’

362 2040 449 2101 yova,
472 2036 576 2083 vocem
591 2011 745 2096 deripuere
760 2016 980 2076 damnationem
994 2036 1110 2076 aouare.
1152 2015 1216 2074 ecio
1229 2035 1292 2073 non
1306 2034 1372 2073 esee
1382 2014 1464 2073 lianc
1519 2061 1520 2064 η

360 2104 514 2179 vulgarem
530 2101 618 2162 liniue
634 2100 771 2163 vocabuli
787 2102 948 2163 notionem.
988 2110 1090 2163 umen
1106 2099 1221 2179 aliquid
1235 2099 1333 2159 aimile
1346 2099 1463 2179 aigniti-

363 2208 430 2247 care
443 2186 607 2261 interdum,
619 2186 783 2247 ostendunt
794 2187 860 2246 loca
875 2185 1066 2247 cluaaicorum
1088 2196 1260 2262 auctorum,
1280 2184 1461 2264 vulganleua

364 2273 455 2331 etiam
474 2270 581 2331 lexicie
604 2270 708 2331 relata.
751 2271 826 2331 mihi
847 2271 963 2331 auilicit
982 2270 1166 2352 lieeychiua‚
1196 2271 1278 2353 apud
1290 2292 1382 2349 quern
1394 2273 1461 2348 lego

365 2350 540 2433 ἀπόφασις,
561 2355 674 2433 κρίσις,
696 2358 822 2431 ψῆφος,
844 2358 922 2434 δίκη.
966 2366 997 2418 et
1009 2368 1095 2418 vetua
1105 2355 1225 2416 lexicon
1238 2357 1387 2435 anonymi
1400 2359 1462 2417 adi-

362 2448 429 2501 tum
444 2461 461 2498 a
476 2439 622 2499 Vulcanio
636 2434 957 2516 dndpnurcaententia.

377 2565 382 2572 ·
448 2518 780 2606 oinoounotoaiprat
800 2547 831 2604 p·
853 2527 917 2591 496
933 2546 963 2588 v.
981 2525 1013 2592 4.
1054 2527 1181 2586 verbum
1204 2524 1285 2586 iatud
1301 2525 1376 2586 alalii
1397 2547 1462 2586 non
1519 2548 1520 2557 ¹

362 2611 470 2690 reperi.
513 2609 740 2685 avitianus,
765 2619 800 2670 ut
813 2611 891 2679 eolat
907 2611 942 2672 in
966 2611 1119 2686 obacurie,
1147 2623 1178 2671 et
1198 2609 1258 2673 hoc
1279 2619 1312 2671 et
1341 2633 1462 2672 comma

364 2716 433 2755 cum
458 2713 492 2754 eo
514 2703 612 2754 totum
638 2694 748 2758 omiait.
789 2706 937 2758 caeterum
958 2694 1048 2757 huiua
1072 2698 1158 2756 notio
1185 2706 1220 2758 ut
1241 2697 1398 2758 contraria
1419 2703 1463 2784 τῷ

362 2777 588 2862 προσπόιοῦμνι
611 2780 715 2856 debet,
747 2781 875 2861 opinor.
896 2780 1004 2861 accipi.
1045 2791 1261 2843 notumautem
1276 2781 1352 2862 quid
1364 2803 1463 2861 xpee-

363 2873 520 2930 ποιεῖσθαν
539 2864 594 2942 ait,
622 2885 787 2941 aaaumere,
814 2866 989 2945 adiungere,
1025 2866 1186 2928 admovere
1202 2866 1275 2940 eibi3
1303 2877 1337 2926 ut
1360 2869 1462 2928 solent

361 2947 516 3032 principes
531 2969 581 3010 eoo
596 2969 672 3029 quoa
683 2970 737 3012 aua
750 2952 847 3028 gratia
859 2951 965 3030 digooa
976 2960 1094 3031 putant.
1123 2971 1194 3031 ergo
1203 2945 1463 3034 ἆπροσποιεῖνθαν

363 3037 422 3094 erit
435 3035 595 3096 excludere
609 3056 646 3094 ac
659 3036 795 3096 reiicere.
837 3036 918 3114 quod
932 3035 993 3097 huc
1005 3036 1083 3096 bella
1101 3037 1248 3113 quadrat,
1269 3047 1306 3096 ut
1320 3039 1461 3120 Acropo-
1519 3104 1520 3121 χ

363 3120 419 3180 lita
432 3121 536 3180 favore
554 3139 589 3178 ac
602 3119 803 3182 familiaritate
814 3120 1004 3201 imperatoria
1016 3121 1201 3200 aigniiicetur
1209 3121 1366 3183 excidieae.

379 3240 382 3250 =
450 3199 611 3285 ἅρματα.
651 3205 685 3264 in
707 3207 832 3265 notione
851 3205 935 3266 vocia
954 3201 1053 3287 dopo,
1080 3227 1140 3286 qua
1163 3227 1286 3268 currum
1306 3209 1460 3286 deeignari

363 3286 464 3349 sciunt
484 3307 602 3365 omnm,
629 3289 791 3352 innovatae
812 3292 994 3352 moentioree
1016 3291 1147 3363 Graecoa
1164 3292 1297 3371 aliquid,
1325 3303 1356 3352 et
1372 3295 1459 3354 allini
1519 3296 1520 3359 Τ

364 3371 420 3429 sibi
434 3373 608 3433 latinorum
621 3393 679 3434 uau
694 3395 797 3454 peaaoe
817 3395 879 3435 eaae
899 3387 936 3435 ut
952 3386 1134 3444 armaturam
1148 3387 1179 3436 et
1198 3381 1399 3438 ioetrumeuta
1413 3381 1459 3438 in-

364 3453 482 3517 ferendi
494 3467 545 3516 aut
560 3458 757 3538 propulaandi
771 3460 835 3522 vim
852 3479 885 3522 ea
901 3460 1120 3540 aignificorcnt.
1140 3461 1229 3523 docet
1242 3461 1372 3524 Thomas
1385 3464 1459 3522 Ma·-

362 3542 456 3621 gieter
469 3541 503 3601 id
515 3541 735 3620 reprehendeue
749 3543 797 3606 hia
810 3546 925 3607 varitia:
950 3541 1033 3627 ἅρμα
1042 3546 1074 3611 ἐν
1088 3539 1114 3632 pl
1125 3547 1158 3611 oi
1168 3548 1258 3614 tm»
1270 3545 1456 3631 (ciprum

364 3629 397 3690 ol
416 3625 449 3689 δὲ
469 3625 520 3689 ἐπὶ
543 3623 646 3691 ὅπλων
665 3623 871 3709 λαμβάνοντες
889 3625 928 3693 oei
947 3635 1191 3712 καλῶςχρῶνταν
1234 3634 1410 3713 percrebuit
1423 3635 1455 3694 id

363 3722 465 3772 tamen
485 3711 573 3785 aetia,
594 3721 631 3772 ut
653 3712 796 3774 adveraua
810 3715 956 3776 eiuemodi
980 3736 1135 3778 cenauram
1155 3719 1235 3778 tueri
1252 3739 1284 3779 ae
1306 3721 1456 3800 quiapiam

364 3795 511 3877 exemplia
532 3805 629 3876 queat.
677 3799 784 3863 omitto
816 3819 891 3878 quae
913 3802 1085 3862 teetimouia
1111 3803 1177 3863 eiua
1200 3805 1333 3865 notionia
1361 3806 1456 3865 refert

362 3879 525 3956 Meureiua,
553 3901 686 3962 quaeque
707 3885 790 3964 apud
805 3884 967 3965 acriptorea
984 3888 1070 3948 etiam
1085 3907 1149 3948 oon
1165 3908 1379 3971 nequaquaque
1389 3890 1456 3950 bar·

362 3963 451 4024 barca
466 3965 556 4026 facile
568 3978 735 4030 occmrent.
777 3969 924 4032 admoneo
942 3981 1061 4032 tantum
1078 3971 1308 4053 Pachymerem,
1335 3986 1455 4036 utcun-

364 4063 425 4124 que·
438 4050 513 4110 aliae
528 4051 747 4130 antiquarium,
768 4053 859 4116 huiua
873 4061 1077 4139 aeeaepenpoei
1086 4060 1182 4122 teneri
1191 4060 1361 4124 manifeate.
1392 4061 1454 4122 duo

363 4131 427 4192 eiua
439 4137 585 4198 annotavi
598 4137 667 4198 loca
679 4137 713 4198 iu
726 4138 835 4218 quibua
847 4161 953 4202 vocem
971 4134 1091 4226 ἅρματα
1113 4145 1217 4226 aiquie
1234 4166 1342 4207 currua
1355 4146 1455 4208 inten-

362 4223 546 4298 p'rotaretur‚
568 4222 605 4283 ab
617 4222 681 4286 eiua
696 4233 796 4287 mente
809 4225 970 4288 aberraret.
992 4249 1025 4308 p.
1048 4227 1109 4295 184
1126 4235 1195 4296 ν.3
1221 4231 1267 4291 eic
1288 4231 1398 4294 een'bit
1417 4232 1455 4292 de

364 4299 474 4366 loanm
485 4305 569 4392 ‚Duce
578 4307 759 4391 imperatore
771 4305 949 4397 amaziam
963 4309 1001 4378 ad
1015 4309 1150 4400 φρούρια
1161 4316 1233 4402 oiap
1243 4317 1297 4382 aul
1311 4315 1455 4401 ἅρμασιν.
