3125 4900
309 320 360 390 66
628 313 806 383 uuonan
830 311 1095 380 Plcurnffluls

271 482 527 571 Βίπιιαζομίνολς
554 495 619 564 τοῖς
648 484 795 572 ι’ίρχουσιν
825 485 873 550 ἐπὶ
903 489 1019 550 κοντῶν
1037 485 1188 567 συντριβῇ
1211 475 1232 563 ἢ
1257 482 1307 544 καί
1333 479 1413 544 κατὰ

309 595 448 678 παίγνιον
472 587 609 675 σύνηθες
632 591 719 678 σφίσι
744 595 803 674 τῆς
821 591 959 674 σφαίρας
979 588 1012 651 ίκ
1032 579 1169 668 μεγιίλου
1192 588 1250 648 τοῦ
1270 581 1413 668 θάρρους

308 692 512 775 συνιππιίζετο
530 695 581 760 καί
603 692 779 773 συνέπαιζεν
788 741 799 774 ,
828 689 915 777 ἐγγύς
938 689 1115 772 ίσταμίναις
1130 688 1182 753 καί
1199 681 1332 773 ὁρώσαις
1346 696 1414 761 ταῖς

308 801 464 880 βασιλίσιν
478 793 728 880 ἐπιδεικνύμενος.

273 911 296 964 C
415 903 475 972 22.
528 907 562 966 Τ
559 900 616 976 ἕως
628 924 661 985 γε
673 895 753 983 μήν,
779 897 843 961 luel
856 895 912 961 οὖν
923 886 962 978 ἦν
976 887 1232 978 ἆνεπιτρύπευτον
1244 891 1346 976 μένειν
1360 891 1439 960 sdes

308 1004 458 1086 βασιλίοι,
493 1005 525 1070 ίν
544 1000 669 1090 ἅφήλιξι
692 996 912 1088 γνωριζόμενοι
936 998 988 1062 καί
1018 993 1139 1062 ἁπαλὸν
1159 987 1236 1079 ἦτορ
1265 994 1415 1082 φέροντα,

310 1103 513 1183 συνελθόντες
526 1104 592 1190 ἅμα
610 1105 639 1172 oi
662 1107 694 1170 iv
717 1104 796 1170 τέλει
820 1104 871 1168 καί
886 1097 1126 1182 βουλευσόμενοι
1143 1095 1186 1174 ὡς
1202 1097 1259 1163 oda
1277 1096 1416 1182 ἀσφαλὲς

309 1214 380 1294 δίχα
397 1217 453 1295 τῆς
468 1211 628 1294 ἐκκλησίας
640 1210 691 1273 καί
706 1212 762 1273 τού
777 1202 893 1289 ταύτης
912 1191 1108 1290 πραεστίῖιτος
1124 1200 1294 1290 (Ἀρσίνιὸς
1308 1200 1342 1267 d’
1360 1192 1416 1266 οὗ·

310 1339 365 1390 τος
385 1307 439 1400 ἦν)
462 1318 618 1379 καθιστᾶν
635 1309 676 1376 τὰ
696 1315 844 1388 τοιαῦτα,
871 1306 949 1395 πρὸς
973 1307 1030 1388 μὲν
1051 1305 1105 1371 τὸν
1130 1307 1162 1382 ίξ
1184 1302 1414 1392 Αύτωρειανιῖιν

309 1412 503 1502 πατριώρχην
529 1415 684 1497 πέμπουσι
705 1414 762 1498 τὴν
783 1412 932 1496 ταχίστην
953 1403 1214 1492 μετακαλούμενοι
1239 1409 1412 1491 Νικαίηθεν
1422 1425 1454 1476 10

308 1525 439 1599 τοῦτον,
465 1516 568 1584 αύτῶν
586 1519 621 1584 δὲ
640 1516 720 1582 καθ’
750 1512 882 1592 ἑαυτούς
904 1511 959 1601 ἐφ’
983 1509 1111 1598 ἦμίραις
1134 1512 1409 1594 ὁιασκεπτομίνιαν,

270 1620 408 1695 milior
428 1619 525 1687 ἄλλον
548 1624 590 1698 είς
610 1621 795 1705 κηδεμονίαν
815 1625 872 1684 τού
895 1617 1046 1701 βασιλέως
1063 1618 1299 1699 προκρίνοντος,
1325 1620 1411 1689 τέλος

311 1726 360 1790 inl
370 1727 418 1815 ’τῷ
431 1722 555 1814 μεγάλην
570 1721 767 1813 κονοσταύλερ
780 1727 825 1812 τῷ
838 1719 966 1807 ῥηθέντι
978 1714 1184 1807 Παλαιολόγῳ
1198 1715 1217 1802 ἦ
1233 1717 1318 1801 κοινὴ
1332 1725 1410 1800 βου-

310 1829 349 1912 λὴ
368 1834 507 1919 καταντᾷ
534 1822 578 1904 ὣς
600 1825 698 1892 αὐτού
728 1851 761 1910 γε
785 1826 835 1890 καί
857 1820 955 1908 μόνου
977 1823 1063 1907 παρὰ
1083 1820 1157 1897 τούς
1178 1820 1291 1897 ἄλλους
1304 1821 1410 1886 ἱκανοῦ

309 1931 387 2016 πρὸς
400 1936 494 1998 τούτο
512 1929 681 2019 φανέντος·
707 1929 791 2013 εἴπερ
812 1927 871 2013 γὰρ
894 1926 1006 2006 ἄλλον,
1033 1921 1320 2012 στρατηγικώτατον
1335 1921 1410 1989 εἶναι
1420 1942 1451 1994 15

247 2069 250 2074 ·
308 2035 363 2102 τὸν
386 2034 505 2118 ἄνδρα,
541 2035 596 2099 καί
619 2033 650 2100 oi
676 2033 709 2097 ίκ
731 2037 866 2097 παλαιοῦ
889 2028 1039 2114 αύταρκες
1058 2025 1134 2094 εἶναι
1153 2027 1189 2094 τὸ
1203 2026 1333 2112 εύγενίς,
1360 2029 1411 2092 καί
1471 2063 1475 2078 ·

308 2139 414 2224 τρίτον
425 2136 463 2202 τύ
482 2137 560 2223 πρὸς
574 2137 629 2201 τὸν
645 2141 820 2220 κρατοῦντα
833 2135 972 2219 συγγενίς
986 2129 1053 2214 ἅμα
1070 2133 1127 2214 μίν
1147 2127 1283 2196 αὐτόθεν
1297 2129 1364 2213 ίίμα
1377 2131 1410 2196 δέ

308 2243 359 2305 καί
383 2241 416 2304 ἐκ
435 2245 491 2324 τῆς
511 2235 642 2322 συζύγου
665 2239 735 2319 (τῆς
753 2237 811 2318 μὲν
829 2235 887 2321 γὰρ
910 2233 1052 2321 δεύτερος
1067 2233 1255 2316 αὐτανέψιος
1269 2226 1308 2318 ἦν
1314 2283 1325 2315 ,
1352 2239 1409 2299 τοῦ

272 2359 298 2412 lt
315 2343 350 2407 di
363 2341 507 2425 δευτέρου
523 2339 713 2421 αύτανεψίου
727 2335 808 2425 υἱός)
829 2337 947 2422 πολλὴν
970 2339 1104 2421 ἐμποιεῖν
1125 2335 1210 2426 αύτῷ
1231 2335 1289 2418 τὴν
1307 2336 1351 2412 εἷς
1372 2337 1409 2402 τι)

309 2441 507 2527 κηδεμονικὸν
520 2447 578 2509 τοῦ
589 2440 741 2523 βασιλέως
760 2441 847 2529 παρὰ
872 2441 946 2517 τούς
966 2440 1081 2518 ἄλλους
1098 2436 1277 2529 ἐκχώρησιν.
1329 2437 1452 2515 ύλλιὶεο

308 2546 350 2613 τὰ
373 2546 431 2629 μὲν
452 2546 567 2613 ἐκείνου
590 2543 668 2633 πρὸς
687 2544 724 2612 τὸ
746 2551 962 2634 προτιμᾶσθαι
983 2552 1046 2611 τῶν
1067 2542 1169 2613 ἄλλων
1192 2546 1296 2611 δίκαια
1314 2542 1410 2611 ταῦτ’

309 2761 415 2826 ludens,
444 2761 521 2815 etin
543 2760 639 2815 similes
662 2760 718 2815 eius
735 2761 830 2817 aetatis
850 2761 1012 2817 remissiones
1027 2778 1086 2815 sese
1103 2766 1222 2831 ingerens
1238 2758 1409 2814 familiaritate

308 2831 382 2884 nimis
398 2829 500 2897 audaci,
515 2829 606 2913 sieque
620 2826 680 2885 sese‘
695 2831 791 2901 reginis
808 2833 939 2886 sororibus
954 2831 1115 2902 imperatoris
1130 2846 1215 2885 eoram
1232 2847 1247 2882 e
1264 2828 1407 2899 propinquo

308 2899 485 2970 spectantibus
500 2900 635 2955 vernum
650 2918 719 2954 vano
736 2901 859 2969 gloriolae
874 2902 985 2971 pruritu.

377 2972 421 3023 22.
458 2970 554 3024 Verum
571 2970 699 3023 enimvero
725 2986 782 3023 cum
798 2969 892 3024 diutius
916 2988 966 3023 non
982 2973 1071 3040 posset
1087 2967 1208 3039 parvulus
1224 2968 1362 3036 inperator
1379 2966 1405 3019 in

308 3043 362 3092 tam
377 3039 503 3093 imbecilla
527 3057 559 3093 ao
581 3047 669 3093 tenera
692 3044 780 3092 aetate
802 3039 867 3093 oerti
884 3040 976 3093 tutoris
996 3038 1157 3109 providentia
1172 3037 1311 3091 destitutus
1327 3034 1406 3087 relin-

309 3108 371 3176 qui,
393 3106 426 3158 ad
443 3108 592 3162 electionem
608 3108 665 3180 apti
688 3108 722 3161 sd
744 3108 771 3160 id
797 3124 886 3161 munus
910 3117 1030 3162 eoeuntes
1046 3124 1137 3177 magno
1156 3122 1260 3159 numero
1274 3104 1405 3174 praecipui

308 3174 403 3245 quique
426 3178 593 3245 magistratus
614 3190 694 3247 atque
717 3178 792 3229 aulae
817 3194 937 3247 prooeres
960 3184 1021 3231 ante
1043 3179 1125 3231 omnia
1142 3176 1312 3229 decreverunt
1327 3173 1407 3227 haud·

308 3260 437 3313 quaquam
454 3252 536 3299 tntum
557 3246 641 3299 videri
664 3254 738 3300 unta
761 3246 794 3299 de
818 3263 846 3298 re
871 3254 987 3299 statuere
1003 3246 1059 3299 sine
1074 3248 1135 3299 cleri
1152 3252 1180 3299 et
1197 3243 1322 3299 ecelesiae
1345 3260 1406 3295 oon·

307 3312 1184 3454 :1:2¹¹intituli:tritritiltttltltissti
1185 3310 1407 3437 turturi:

307 3449 410 3504 Nioeea
425 3450 552 3503 curriculo
569 3459 713 3505 accersunt.
747 3453 798 3524 ipsi
816 3471 877 3507 vera
893 3402 1080 3507 interimpseriu
1097 3454 1125 3507 in
1141 3451 1348 3506 deliberationem
1365 3450 1406 3501 in·

307 3519 391 3601 gressi
416 3526 477 3590 post
500 3522 605 3573 multam
628 3528 656 3573 et
677 3529 802 3575 euentum
827 3522 1025 3593 disquisitionem
1048 3522 1298 3593 disceptationesque
1314 3518 1407 3579 varias,

307 3591 364 3671 also·
383 3588 460 3642 alium
482 3590 662 3659 praeferente,
686 3592 789 3647 tandem
813 3590 839 3644 in
856 3610 911 3645 eam
928 3593 1080 3647 sententian
1097 3589 1186 3645 maiori
1203 3606 1236 3643 es
1252 3596 1329 3657 purte
1345 3606 1406 3641 oon-

306 3665 413 3711 venmnt
446 3676 496 3714 uae
511 3675 599 3712 eurem
616 3659 776 3726 imperatorie
800 3678 832 3713 ao
855 3660 961 3715 tirtelam
978 3678 1023 3715 see
1042 3663 1081 3716 ius
1097 3666 1235 3715 memorato
1252 3673 1345 3724 magno
1361 3675 1405 3711 uo·

305 3676 593 3811 miserebaneorego
608 3727 814 3782 committendam
831 3732 972 3783 censebat:
991 3680 1070 3784 videri
1083 3730 1149 3783 enin
1166 3727 1234 3779 illum
1245 3742 1322 3778 nuum
1342 3744 1406 3796 prae

306 3805 408 3879 cunetae
423 3796 528 3866 reliquas
544 3796 579 3849 ad
594 3812 650 3849 eam
666 3814 721 3849 rem
742 3798 859 3851 idoneum
883 3800 992 3853 maxime
1007 3806 1098 3868 ntpote
1114 3798 1194 3849 virum
1211 3798 1304 3847 sortem
1324 3805 1353 3849 et
1369 3794 1406 3848 rei
1427 3818 1429 3823 ·

304 3866 424 3917 nubtum
440 3865 701 3935 experientissimum,
724 3867 818 3936 orsique
834 3868 933 3922 affatim
950 3876 1101 3938 suppeteret
1116 3866 1236 3935 antiquae
1253 3864 1405 3917 nobilitatis.

304 3933 446 3987 secedebat
467 3934 546 3989 tertio
570 3934 626 3987 loeo
649 3934 791 3989 domestica
807 3937 941 4007 sanguinis
957 3935 1117 3991 necessitudo
1134 3952 1190 3987 eun
1208 3934 1406 4002 imperatoribus

305 4016 354 4051 avo
371 4008 400 4053 et
416 4010 491 4070 patre
507 4002 631 4125 principis
647 4004 796 4073 regnantis,
820 4024 853 4059 ex
872 4016 982 4076 utraque
1007 4006 1088 4074 stirpe
1105 4012 1213 4075 paterna
1231 4009 1405 4072 maternaque.

305 4084 365 4119 nam
386 4072 518 4138 Augustae
565 4090 589 4125 ua
608 4088 648 4125 ens
669 4090 814 4143 pronepos,
838 4092 870 4129 ex
893 4074 1054 4143 imperatoria
1077 4090 1138 4127 vero
1162 4080 1304 4143 pronepote
1328 4082 1406 4124 natus

306 4144 373 4217 erat·
389 4138 446 4220 ‘bis
466 4157 528 4225 vere
546 4090 715 4226 brmamentip
739 4142 872 4198 nitebatur
896 4142 1043 4211 Palaeologi
1064 4160 1143 4213 spes,
1172 4158 1256 4213 esque
1277 4140 1405 4207 allegebat

306 4211 464 4327 ppusnmun
484 4226 530 4277 qus
552 4228 609 4264 erus
635 4212 786 4266 electionem
812 4214 939 4267 suadebat
962 4225 1058 4266 orator.
1100 4212 1240 4267 verisimile
1262 4217 1347 4265 tamen
1364 4218 1406 4261 est

340 4274 375 4326 ud
390 4274 467 4345 plane
482 4276 524 4331 lais
539 4282 698 4349 argumentis
713 4280 836 4337 oonbsnm
853 4300 919 4347 eum,
937 4291 1042 4353 praeter
1058 4298 1091 4337 es
1108 4300 1176 4353 quae
1192 4280 1276 4353 palam
1292 4278 1407 4347 agebun-
