3125 4900
360 299 419 366 DE
442 298 652 368 MICHAELE
675 302 955 374 ratsEOLOGO
981 307 1017 373 L.
1042 309 1085 375 V.
1203 307 1277 380 415

177 475 260 564 ,σθαι
279 463 425 548 πολλάκις
449 467 606 557 δμολογεῖν
626 471 681 539 τόν
701 470 793 558 δρκον
813 473 956 560 γενέσθαι
976 472 1122 562 καλάμην
1146 485 1202 546 τοῦ
1226 483 1278 546 καλ

179 573 278 640 αῦτδν
299 571 330 639 ἔν
352 570 474 652 τοῦτοις
492 573 587 654 εἶναι,
614 576 677 642 luel
698 577 790 644 nilon
812 577 870 643 οῦκ
892 571 930 663 ἦν
946 579 1088 664 γενόσθαι
1113 586 1176 648 τῶν
1195 609 1278 669 πρα-

176 678 335 760 χθέντων,
362 673 404 754 ὥς
416 673 641 761 ὑπελάμβανεν.
676 679 708 744 ἓν
723 678 845 757 εοῦτοις
862 679 977 766 διάγων
990 679 1006 748 ό
1021 679 1166 783 Ἰωιόηνης
1177 687 1277 752 πολλὰ
1373 671 1377 676 ¹

178 780 236 861 μδν
247 776 427 865 γραμμάτια
441 784 483 857 εἷς
496 791 600 867 χεῖρας
612 779 671 865 εἶχε
687 780 872 866 λαμβάνων,
901 783 921 848 ιλ
938 784 976 868 δὴ
992 787 1043 850 καὶ
1062 785 1091 851 oi
1104 784 1275 869 σχιζόμενον

154 885 355 963 ᾶὲξετίθουν,
378 881 545 960 δεικνύντες
559 885 616 970 τὴν
631 889 741 971 πρᾶξιν
762 883 805 962 nic
825 886 982 972 σφαλερὰν
1000 889 1049 952 καλ
1069 895 1147 955 θεοῦ
1167 889 1274 982 πόρρφ

176 982 374 1068 βάλλουσαν,
400 984 467 1068 ῦμα
481 988 515 1053 tl
530 991 581 1054 καλ
595 988 669 1065 τοδς
678 988 815 1064 ’leoinde
829 987 953 1074 δνόχους
966 989 1116 1074 αἱρέσεσιν
1131 991 1168 1058 οῦ
1186 1017 1275 1060 συνε·

179 1089 376 1171 σκιασμέναις
394 1089 496 1166 άλλως
516 1093 567 1156 καλ
588 1089 774 1179 ἀμφιβόλοις
794 1091 867 1158 ἀλλ’
893 1093 1040 1180 ἐμφανέσι
1064 1119 1096 1159 τε
1121 1097 1171 1160 καλ
1190 1103 1312 1178 λαμ-1)

178 1202 281 1276 πραῖς.
333 1189 413 1276 εἶχον
432 1193 466 1258 δὲ
486 1197 536 1259 καὶ
553 1193 615 1260 άπὸ
628 1202 757 1281 γραφῶν
772 1191 814 1271 άς
835 1197 933 1280 δῆθεν
950 1195 1006 1272 τάς
1022 1193 1206 1278 ῦποδείξεις,
1235 1197 1272 1274 ἃς

177 1298 230 1359 καλ
249 1292 497 1380 κατεστράννυον
515 1298 744 1383 συνεχέστερον,
777 1297 834 1365 κάν
856 1296 917 1364 ποῦ
931 1324 960 1364 τι
981 1301 1031 1364 καὶ
1044 1295 1141 1383 άγόοις
1152 1297 1271 1388 ἐρρήθη

136 1413 170 1464 10
178 1394 385 1481 θεληματικόν
391 1448 402 1479 ,
428 1398 506 1465 εἴποι
527 1425 591 1481 τις,
617 1404 669 1467 καλ
683 1401 719 1468 cri
736 1401 816 1467 κατὰ
832 1407 914 1486 σφεῖς
935 1400 1086 1481 παριστάν
1100 1405 1203 1484 idiote,
1231 1401 1273 1480 ὥς

175 1504 245 1586 περλ
262 1498 384 1587 εἰρήνης
403 1498 468 1568 οἷον
486 1499 529 1578 nic
543 1504 729 1588 ελρηνευτέον
748 1505 804 1586 μὲν
821 1503 900 1571 ὅπου
914 1505 959 1589 μὴ
976 1505 1050 1570 θεὸν
1065 1503 1269 1589 ζημιοόμεθα,

175 1607 227 1668 καὶ
239 1604 426 1689 πολεμητάον
438 1597 532 1682 αὖθις
546 1603 625 1674 ὅπου
639 1609 826 1692 ζημιοῦσθαι
838 1607 914 1674 θεδν
928 1603 1139 1690 κινδυνεύομεν
1146 1657 1156 1688 ,
1183 1609 1270 1674 ταῦτ’

175 1709 281 1773 ἐκεῖνοι
294 1707 373 1794 πρὸς
388 1707 425 1774 τό
442 1706 688 1795 καθολικώτερον
709 1711 953 1797 μεταφέροντες,
978 1712 1028 1776 καλ
1047 1709 1126 1775 άλλα
1144 1717 1270 1777 πλεῖστα

173 1816 304 1876 τοιαῦτα
325 1814 550 1899 παρενείροντες
575 1825 643 1890 ταῖς
669 1821 759 1900 σφιῦν
784 1823 991 1900 συγγραφαῖς,
1025 1815 1182 1899 πορίσειεν
1211 1815 1308 1898 crivit

134 1918 287 1998 15πρῦξιν
306 1910 348 1989 ιῦς
370 1911 539 2000 σφαλερόν.
590 1909 628 1998 ἦν
651 1919 685 1981 δὲ
705 1917 740 1982 rb
766 1914 913 1997 ἑπόμενον
932 1919 964 1994 ἐξ
987 1912 1121 2002 ἀνάγκης
1140 1913 1268 2003 γράφειν

173 2015 313 2082 κάκεῖνον
324 2019 373 2082 καλ
387 2017 609 2103 ἀπολογεῖσθαι
623 2018 676 2106 ἐφ’
692 2015 812 2107 ἕκάστῳ
826 2025 887 2084 τῶν
902 2019 1079 2103 λεγομένων.
1132 2017 1205 2083 ἀλλ’
1225 2022 1269 2084 el-

176 2119 241 2196 διῦς
252 2116 395 2204 αλρόμενα
408 2117 568 2186 σκάνδαλα
585 2118 628 2196 uic
644 2118 742 2205 λόγοιν
763 2121 864 2208 λόγοις
875 2121 1058 2204 μαχομένων
1066 2169 1077 2200 ,
1105 2123 1137 2198 ἐξ
1155 2112 1197 2188 ὧν
1212 2122 1269 2188 οῦκ

174 2221 240 2288 ἴστε
267 2220 490 2311 διαδιδράσκειν
508 2222 529 2307 ἢ
551 2216 648 2290 οὖσαν
669 2223 690 2310 ἢ
713 2226 866 2292 δοκοῦσαν
887 2227 1072 2313 κατηγορίαν
1093 2223 1142 2290 lul
1164 2251 1268 2312 nopo-

172 2473 223 2528 ian
238 2473 416 2544 suspicabatur
432 2473 500 2544 qnod
523 2476 601 2529 sntea
621 2474 759 2541 timuerat,
784 2492 837 2529 rem
861 2474 968 2528 ulterius
993 2490 1168 2545 processuram
1192 2490 1268 2545 qnam

172 2559 223 2613 quo
241 2549 312 2597 esset
324 2544 450 2597 nectensn
463 2551 586 2612 promota.
621 2562 653 2599 eo
668 2545 746 2613 igitar
768 2545 876 2615 bospitio
892 2544 1001 2599 Ioannes
1017 2554 1109 2607 utens,
1133 2543 1225 2597 multos
1241 2545 1268 2597 in

172 2630 261 2665 nanus
282 2614 391 2683 sunpstt
414 2613 527 2681 legitqua
550 2613 649 2667 libellos
672 2617 705 2667 ab
730 2614 764 2666 iis
787 2614 940 2683 cosnpoaitos
979 2614 1005 2665 ui
1022 2615 1224 2683 perseverabunt
1239 2613 1267 2665 in

171 2682 325 2747 scbisnsste3
340 2698 447 2752 quorun
464 2687 521 2734 erat
535 2698 629 2752 soopns
649 2684 785 2737 ostendere
801 2688 945 2751 suspectum
960 2631 1017 2735 bec
1034 2692 1116 2735 totum
1132 2682 1204 2752 pacis
1221 2700 1266 2734 ne-

171 2751 269 2819 gotium
286 2766 357 2814 essa,
374 2752 500 2820 longeque
516 2769 533 2805 a
551 2752 599 2804 deo
622 2768 654 2804 ac
669 2769 733 2804 vers
747 2752 871 2819 religione
893 2767 939 2802 nos
962 2750 1106 2814 abducena3
1131 2757 1268 2819 praetores

170 2820 250 2871 ltnlos
272 2819 413 2873 baareseon
433 2820 516 2873 teneri
538 2836 614 2885 reos,
637 2836 774 2893 aaronque
798 2838 848 2873 non
873 2818 1028 2871 occultarum
1054 2826 1100 2871 aut
1123 2819 1266 2871 ullomodo

171 2889 324 2953 dubiarum,
347 2890 395 2942 sed
418 2888 571 2942 evidentium
593 2897 621 2942 et
642 2889 784 2943 meridiane
806 2888 924 2941 claritate
946 2894 1140 2956 compertarum.
1179 2886 1266 2939 terion

170 2965 325 3010 assertorum
343 2958 494 3012 documenta
509 2976 538 3011 se
561 2959 657 3011 babere
677 2958 778 3011 scilicet
794 2958 897 3011 aiebant
912 2956 1046 3008 manifesta
1062 2958 1188 3023 pleneque
1205 2972 1266 3008 eon-

167 3026 296 3079 vincentia
317 3026 464 3080 testimonia
491 3028 643 3096 scriptorum
671 3027 888 3089 authenticorum,
911 3040 978 3093 quac
1002 3030 1029 3077 et
1051 3022 1182 3077 ambitiose
1202 3040 1265 3077 cen-

168 3104 287 3149 tesentes
303 3097 477 3166 proferebant.
512 3114 544 3149 ac
560 3096 583 3147 ai
601 3098 669 3166 quod
686 3106 831 3149 sanctorum
849 3101 975 3148 sssertum
993 3092 1019 3145 in
1043 3090 1197 3145 contrarium
1215 3110 1265 3162 op-

168 3173 319 3234 poneretur,
338 3165 445 3235 priusnns
462 3166 623 3234 excipiebant
638 3166 817 3231 arbitrarium,
829 3171 864 3223 ¹ut
880 3164 937 3234 quis
954 3162 1062 3225 dixerit,
1079 3160 1106 3213 id
1124 3176 1198 3225 ase,
1215 3161 1264 3213 boc

168 3242 208 3287 est
224 3252 272 3304 pro
289 3236 344 3287 sola
360 3237 490 3287 voluntate
532 3236 571 3287 ad
595 3234 750 3289 studentium
767 3237 800 3288 ad
821 3232 972 3287 concordiae
995 3230 1096 3283 obintee
1114 3232 1265 3300 comproba·

167 3303 262 3356 tionem
285 3304 477 3357 accommodari.
512 3252 605 3356 δοίιιδο
628 3304 801 3357 concedebant
831 3302 971 3355 iaciendum
1001 3318 1064 3354 sune
1105 3316 1190 3365 ecem,
1216 3300 1264 3354 sed

167 3378 229 3425 tnnc
252 3378 365 3435 tantum,
391 3373 492 3441 quando
516 3389 567 3425 uon
590 3373 736 3440 exigeretur
757 3388 893 3426 consensus
915 3370 940 3423 in
964 3369 1059 3441 idque
1095 3386 1151 3421 eum
1167 3368 1263 3423 offendi

168 3447 312 3494 mnaturets
339 3442 506 3511 nequeenim
528 3442 571 3494 dei
595 3443 696 3495 iactura
719 3444 783 3494 bene
805 3440 1015 3511 tranquillitatem
1041 3438 1108 3502 emi;
1131 3440 1263 3509 satiusque

166 3512 245 3563 multo
269 3527 327 3563 esse
349 3510 498 3577 decertare,
524 3510 569 3563 nbi
591 3528 624 3564 ne
640 3530 658 3565 a
680 3511 729 3562 deo
745 3527 857 3579 seraque
880 3509 1003 3577 reiigione
1026 3509 1170 3561 excidamus
1186 3526 1265 3577 prse-

165 3595 225 3633 sena
242 3578 383 3649 perieulum
400 3578 442 3632 sit.
477 3580 540 3633 talia
554 3580 590 3632 illi
612 3581 641 3635 in
657 3579 765 3633 merisne
781 3578 932 3635 cetbolicum
949 3579 1134 3631 conformantes
1151 3578 1262 3643 speciem

164 3648 314 3702 scribebant
329 3648 556 3719 disserebantqne,
578 3648 657 3702 inulta
676 3649 702 3700 in
720 3666 775 3701 aens
792 3648 943 3701 sententiam
961 3646 1088 3699 accusetis
1105 3644 1263 3699 lucubratio·

165 3716 241 3769 nibus
258 3715 427 3783 plausibiliter
447 3728 631 3785 congerentes,
656 3720 749 3786 quibus
772 3724 912 3787 appareret
930 3732 1025 3785 anceps
1046 3714 1262 3785 landolinae

167 3786 273 3854 periculi
295 3788 395 3855 pienum
421 3786 503 3839 sideri
527 3786 623 3840 debere
645 3787 780 3856 negotium.
822 3805 853 3839 ea
878 3786 922 3838 iile
937 3784 1052 3851 degens,
1083 3782 1261 3836 necessitatene

165 3853 252 3907 subire
268 3856 404 3907 videbatur
420 3856 580 3908 manifestam
603 3857 708 3924 scriptis
728 3856 780 3909 ista
799 3854 935 3908 contrariis
956 3850 1088 3905 refellendi
1108 3850 1265 3919 responden-

165 3923 244 3991 dique
259 3924 403 3992 singillatim
421 3924 454 3977 ad
469 3925 577 3991 singula.
611 3925 657 3977 sed
678 3926 745 3979 idern
762 3926 901 3995 providens
918 3940 950 3975 ex
969 3922 1018 3973 isto
1035 3919 1154 3972 aientium
1172 3928 1199 3971 et
1216 3937 1262 3973 ue-

163 3994 278 4060 gantium
301 3993 420 4045 conflictu
443 3994 595 4062 scriptorum
617 4003 740 4063 eruptura
756 3994 897 4055 scandale,
919 3991 984 4043 raris
1002 3990 1139 4041 lectoribus
1156 4004 1188 4040 ea
1204 3988 1262 4043 tuce

164 4060 244 4115 unisui
261 4061 421 4130 vigentibus,
439 4072 468 4116 ut
483 4064 655 4116 blandientem
665 4064 785 4132 utrinque
801 4064 826 4115 in
844 4060 980 4114 commissis
998 4058 1108 4111 invicem
1125 4074 1261 4125 argumen-

163 4130 200 4183 tis
216 4131 394 4184 altercantium
409 4132 637 4186 verisimilitudinis
653 4131 763 4201 speciem
780 4149 843 4186 sano
856 4131 949 4189 iudicio
961 4128 1142 4195 discernerent,
1159 4145 1207 4180 nec
1220 4131 1260 4181 is-

164 4200 213 4253 cile
228 4201 350 4271 scriptori
365 4201 481 4270 quamvis
497 4208 573 4253 cautu
589 4202 645 4254 iore
661 4218 718 4253 eesn
739 4200 767 4253 in
783 4202 830 4254 tali
851 4198 985 4252 tractando
1009 4202 1157 4263 argumento
1174 4198 1261 4252 mode-

128 4338 134 4349 ·
163 4269 290 4323 tedonem
306 4278 411 4339 tenera,
429 4279 459 4324 ut
475 4270 538 4324 setis
553 4286 612 4323 sesa
627 4270 793 4324 subtraberet
813 4272 991 4339 plerorumque
1009 4266 1259 4338 reprehensionibus,
