3125 4900
270 1 532 55 natione
557 1 865 55 Michaelis
890 1 964 54 ab
996 1 1246 56 Arsenio
1285 1 1536 55 delinito
1559 1 1733 56 donis
1775 6 1837 57 et
1862 1 2189 58 honoribus
2222 1 2476 62 libenter

276 77 620 153 celebrata,
699 80 975 160 proxima
1033 80 1327 140 dominica
1378 90 1516 159 post
1565 91 1931 162 resumptum
1983 82 2477 163 patriarchatum,

273 162 501 223 Alexio
531 165 948 245 Strategopulo
971 165 1221 235 Caesari,
1269 163 1372 244 qui
1393 165 1606 225 urbem
1634 175 1891 245 ceperat,
1931 167 2183 229 eximius
2212 178 2271 228 et
2294 170 2476 249 plane

273 247 795 310 extraordinarius
831 250 1025 310 honos
1065 260 1153 310 est
1185 248 1455 324 habitus,
1510 258 1579 309 ut
1611 251 1813 310 atatim
1851 259 1994 331 post
2031 252 2324 331 Augustos
2365 253 2474 333 qui

275 332 758 412 coronabantur,
790 332 910 394 hoc
933 344 1023 396 est
1045 333 1392 396 michaelem
1419 334 1832 414 palaeologum
1865 344 1925 394 et
1950 334 2319 397 Theodoram
2346 340 2472 398 eius

275 418 591 496 coniugem
609 464 628 494 ,
671 418 1082 480 nominaretur
1107 420 1172 478 in
1201 419 1472 501 synoptis
1493 463 1512 494 ,
1551 417 1675 480 hoc
1716 419 1899 480 estin
1936 419 2162 479 litaniis
2192 431 2250 481 et
2273 425 2474 503 preci-

272 498 396 560 hus
433 502 709 581 publicis.
790 506 1052 564 refertur
1074 503 1195 565 hoc
1223 526 1256 564 a
1287 503 1648 584 Pachymere
1677 504 1720 564 l.
1739 508 1783 570 8
1811 522 1863 568 c.
1900 510 1943 570 2
1969 505 2077 564 sub
2109 504 2287 564 {inem
2304 550 2323 583 ‚
2364 506 2474 567 ubi

274 595 451 646 recte
471 587 748 648 observat
767 587 1088 649 historicus
1108 589 1290 650 fuisse
1309 587 1469 648 hano
1487 588 1784 667 quandam
1801 589 2341 650 exauctorationem
2358 611 2472 671 pu-

272 670 418 751 pilli
456 672 731 750 Ioannis,
757 673 1132 741 ,astutissimi
1169 675 1548 755 imperatoris
1595 672 1902 733 blanditiis
1928 681 1987 733 et
2019 673 2249 735 artibus
2271 673 2470 754 impe-

270 763 499 817 tratam
525 777 558 817 a
583 757 840 838 simplici
865 759 1113 819 nimium
1143 757 1485 839 patriarcha
1504 805 1524 836 ,
1568 778 1693 818 uon
1711 757 2072 840 providente
2091 768 2220 819 tum
2242 758 2469 820 videli-

275 849 379 899 cet
419 861 540 922 quo
590 841 738 903 haec
775 844 1166 924 pertinerent.
1248 844 1314 904 in
1359 863 1481 924 quo
1522 852 1593 903 ut
1633 844 1813 903 fucus
1860 843 2031 904 fieret
2061 843 2187 904 seni
2211 888 2229 919 ,
2290 853 2363 903 ut
2390 863 2468 904 ex

275 928 532 986 caeteris
569 937 851 1009 apparet,
890 928 1214 1009 suspicaci,
1258 937 1320 989 et
1346 927 1445 988 cui
1472 928 1637 989 salus
1654 927 2027 1008 dignitasque
2054 949 2132 1009 pu
2136 927 2272 1009 pilli
2297 928 2471 988 Ioan-

272 1009 411 1086 nis,
455 1011 580 1072 eius
614 1013 904 1093 peculiari
941 1033 1118 1074 curae
1155 1013 1485 1090 commissi,
1543 1021 1700 1090 erat,
1745 1014 2110 1094 ut‘oportuit
2151 1021 2210 1072 et
2232 1033 2329 1073 res
2357 1014 2468 1074 de-

273 1093 427 1154 inde
451 1107 881 1176 monstrarunt,
923 1099 1099 1176 louge
1126 1098 1450 1176 carissima,
1496 1097 1632 1178 quis
1656 1117 1781 1158 non
1818 1098 1986 1158 videt
2009 1099 2194 1158 fuisse
2223 1117 2467 1158 necesse

273 1188 350 1239 ut
378 1182 568 1258 gratia
605 1182 866 1260 flagrans
913 1182 1109 1243 Alexii
1154 1183 1452 1258 Caesaris,
1496 1182 1565 1241 in
1597 1184 2000 1245 recentissima
2024 1181 2307 1244 videlicet
2331 1202 2466 1243 me-

271 1265 471 1324 moria
507 1265 734 1327 heroici
776 1267 1060 1328 facinoris
1086 1288 1207 1347 quo
1249 1287 1376 1328 rem
1403 1269 1729 1327 Romanam
1752 1266 1995 1348 imperii
2019 1266 2337 1348 metropoli
2357 1286 2466 1328 re·-

273 1351 620 1427 cuperanda
650 1351 1102 1433 incomparabili
1131 1351 1422 1414 beneficio
1456 1352 1570 1412 sibi
1592 1350 1990 1429 devinxisset,
2039 1351 2304 1412 rationes
2337 1370 2463 1431 pu-

270 1433 414 1577 ΕἰῑΙί
438 1434 760 1516 principis,
807 1437 906 1496 cui
943 1436 1414 1517 praeferebatur,
1455 1446 1517 1496 et
1553 1437 1771 1497 multas
1797 1437 1940 1497 alias
1962 1445 2085 1496 tam
2112 1435 2462 1497 inusitatum

320 1517 540 1578 ominis
591 1539 718 1580 non
753 1521 1101 1602 imperantis
1149 1521 1442 1582 honorem
1494 1520 1902 1582 dissuadentes
1958 1521 2463 1581 considerationes

269 1602 657 1668 eluctaretur.
737 1605 925 1683 igitur
953 1626 1092 1666 cum
1117 1606 1328 1667 urbem
1359 1604 1435 1665 ab
1463 1606 1675 1667 Alexio
1701 1616 1934 1687 captam
1956 1605 2336 1666 statuerimus
2360 1604 2461 1665 die

270 1687 358 1753 25
391 1688 532 1747 Iulii
557 1689 697 1748 anni
725 1694 910 1768 1261,
940 1692 1273 1770 ingressum
1308 1711 1455 1751 vero
1507 1690 1575 1750 in
1620 1711 1747 1750 eam
1794 1691 2046 1751 solemni
2088 1710 2307 1773 pompa
2336 1688 2460 1748 mi-

269 1770 540 1833 chaelem
584 1776 912 1854 Augustum
953 1781 1030 1843 18
1073 1776 1194 1837 kal.
1238 1775 1539 1856 Septemb.
1598 1774 1863 1836 eiusdem
1912 1775 2052 1835 anni
2074 1819 2093 1852 ‚
2148 1774 2245 1835 ‹lie
2284 1793 2457 1833 sacro

162 1858 166 1862 Α
271 1855 549 1936 deiparae
581 1868 924 1940 assumptae
953 1860 1168 1921 doceat
1204 1861 1554 1940 Acropolita
1603 1880 1655 1919 e.
1683 1863 1786 1937 88,
1814 1859 2011 1920 dicere
2039 1859 2215 1918 valde
2242 1857 2459 1917 verisi-

269 1941 496 2003 militer
517 1954 1229 2026 possamus-resumptum
1251 1944 1326 2004 ab
1355 1943 1603 2004 Arsenio
1630 1944 1888 2022 regimen
1921 1940 2336 2025 patriarchalia
2357 1962 2455 2002 se-

272 2024 368 2083 dis
396 2027 505 2086 sub
531 2027 711 2088 finem
738 2028 991 2108 Augusti
1019 2029 1238 2089 mensis
1264 2038 1325 2088 ot
1346 2027 1660 2088 Michaelis
1697 2032 2142 2088 coronationem
2179 2028 2291 2085 sub
2329 2026 2457 2084 ini-

270 2109 425 2169 tium
459 2112 818 2190 Septembris
845 2113 1215 2172 celebratam.
1299 2112 1364 2169 in
1394 2131 1513 2189 quo
1541 2111 1598 2170 si
1625 2109 1757 2187 quis
1781 2111 2127 2189 vitilitigare
2156 2110 2321 2187 velit,
2363 2121 2454 2168 ta..

269 2214 410 2254 men
441 2192 598 2254 idem
638 2194 703 2254 id
745 2195 809 2253 in
854 2194 1102 2272 longum
1149 2191 1390 2254 differre
1419 2214 1542 2253 non
1582 2194 1824 2273 poterit.
1909 2215 2046 2254 cum
2087 2193 2249 2255 enim
2286 2203 2452 2253 certo

271 2277 674 2338 definierimus
713 2278 984 2359 superius
1025 2299 1077 2338 c.
1110 2279 1154 2344 4
1187 2299 1250 2339 n.
1279 2276 1320 2341 4
1354 2277 1637 2338 loannem
1679 2277 2010 2356 Augustum
2056 2297 2307 2357 puerum
2338 2297 2449 2337 ex-
2481 2281 2530 2335 1>
2561 2281 2667 2341 614

271 2373 572 2423 caecatum
608 2364 791 2425 fuisse
819 2363 918 2423 die
941 2361 1164 2424 Christi
1189 2361 1372 2422 natali
1397 2362 1578 2423 huius
1602 2365 1745 2421 anni
1776 2366 1960 2439 1261,
1990 2371 2052 2422 et
2078 2361 2456 2426 manifestum

271 2450 356 2511 sit
392 2451 553 2509 inter
596 2448 1040 2509 coronationem
1084 2445 1395 2509 Michaelis
1440 2458 1502 2508 et
1543 2447 2020 2508 excaecationem
2048 2445 2284 2508 loannis
2311 2446 2452 2507 ido-

271 2553 452 2594 neum
501 2534 828 2615 quodpiam
874 2533 1160 2614 temporis
1225 2533 1489 2613 spatium
1533 2532 1966 2609 intercessisse,
2021 2529 2186 2592 haud
2239 2531 2452 2611 utique

269 2620 461 2678 multo
487 2619 645 2678 ultra
679 2618 860 2677 fixam
885 2641 920 2678 a
945 2616 1120 2678 nobis
1146 2616 1283 2677 initi
1312 2617 1644 2680 secundum
1672 2618 1747 2677 ab
1780 2617 2029 2678 Arseuio
2068 2615 2450 2698 patriarcha-

270 2711 369 2764 tus
394 2702 684 2783 epocham
706 2703 916 2764 licebit
934 2702 1317 2782 quantumvis
1345 2712 1552 2780 arguto
1580 2702 1935 2763 coniecturis
1961 2703 2216 2781 evagari.

436 2788 508 2849 V.
591 2788 887 2849 Habemus
913 2788 1150 2847 initium
1189 2786 1437 2848 secundi
1466 2786 1901 2869 patriarchatus
1927 2786 2176 2847 Arsenii.
2259 2794 2446 2847 restat

268 2871 407 2931 finis
445 2872 707 2934 eiusdem
746 2871 1139 2952 indagandus.
1219 2881 1430 2933 narrat
1465 2870 1856 2954 Pachymeres
1888 2872 1934 2933 l.
1970 2874 2014 2936 3
2057 2892 2113 2936 c.
2149 2869 2227 2935 14
2255 2869 2445 2930 Arse-

269 2958 433 3016 nium
478 2956 880 3039 patriarcham
915 2956 1120 3017 audita
1156 2955 1396 3016 Ioannis
1443 2958 1859 3021 excaecatione
1891 2954 2286 3016 anathemain
2315 2954 2441 3015 eius

268 3051 566 3102 auctorem
610 3041 958 3102 michaelem
994 3041 1333 3120 Augustum
1374 3040 1697 3104 intorsisse.
1774 3041 1840 3101 id
1889 3042 2114 3101 factum
2169 3041 2440 3120 oportuit

145 3136 153 3143 ‘
269 3127 426 3186 cirea
456 3126 695 3187 initium
718 3125 873 3202 ,anni
898 3124 1117 3187 Christi
1147 3129 1332 3201 1268,
1368 3146 1504 3188 cum
1537 3127 1797 3208 primum
1834 3145 2049 3205 nempe
2077 3126 2312 3203 vulgata
2339 3122 2439 3183 fa-

268 3230 363 3271 ma
406 3221 497 3271 est
535 3210 682 3271 facti
720 3210 959 3274 atrocis.
1018 3231 1147 3289 cap.
1197 3209 1413 3271 deinde
1457 3214 1539 3278 19
1575 3210 1796 3272 dicitur
1826 3209 2208 3284 michaelem,
2267 3217 2438 3288 post·

270 3315 442 3373 quam
479 3295 762 3356 videlicet
801 3295 1146 3374 aliquandiu
1171 3294 1557 3373 ignominiam
1592 3295 1999 3357 meritissimae
2026 3311 2252 3375 poenae
2276 3291 2437 3350 taci-

267 3387 364 3440 tus
389 3380 638 3458 tulerat,
681 3381 916 3461 petiisse
941 3380 1272 3460 supplicem
1301 3379 1375 3437 ab
1416 3379 1671 3442 Arsenio
1700 3378 2055 3441 solutionem
2089 3374 2437 3437 anathema-

267 3462 370 3540 tis,
415 3484 528 3524 nac
547 3475 782 3543 tamen,
819 3465 961 3524 lieet
987 3464 1094 3528 din
1121 3473 1182 3523 et
1208 3464 1588 3525 vehementer
1610 3464 1939 3540 institisset,
1982 3463 2303 3543 impetrare
2322 3479 2437 3538 po-

265 3550 466 3612 tuisse.
543 3552 737 3610 multa
790 3548 1009 3610 dehinc
1050 3558 1375 3612 narrantur
1409 3569 1632 3610 novem
1675 3548 1924 3627 reliquis
1967 3546 2261 3627 capitibus
2294 3542 2437 3603 libri

267 3633 422 3695 tertii
439 3676 458 3707 ‚
501 3635 792 3714 quasillo
818 3633 1138 3697 intervallo
1163 3634 1386 3697 frustra
1406 3633 1632 3716 petitae
1658 3632 2049 3697 absolutionis
2074 3632 2149 3691 ab
2184 3647 2439 3696 excom-
