3125 4900
324 309 373 352 xer
622 283 657 351 Ρ.
683 284 846 352 Possm
869 284 1112 358 PRAEFATIO.

214 426 218 436 Ι
321 450 384 516 suis
405 445 590 531 commodis,
619 460 650 514 et
671 462 830 516 vereantur
849 451 882 516 id
903 449 1045 518 damnare
1061 449 1162 529 mdc,
1187 450 1246 518 nisi
1273 453 1414 520 dissimu-

322 555 393 632 lant,
413 574 448 616 se
466 573 585 639 quoque
604 550 689 640 ipsos
704 554 800 619 iuvari
814 555 953 620 sentiunt.
980 575 1039 618 nec
1060 574 1099 616 eo
1119 565 1221 618 umen
1240 559 1316 622 hacc
1337 559 1414 624 trahi

321 655 415 719 velim
435 654 519 738 quasi
537 655 678 741 nuspiam
698 655 862 720 offendisse
882 679 934 722 me
955 666 1125 736 arroganter
1144 676 1330 739 asseverem,
1362 672 1415 724 aut

320 756 374 820 ubi
393 758 570 836 meruerim,
597 758 710 846 culpari
730 760 871 825 abnuam.
913 779 1008 821 unum
1030 755 1190 844 deprecor,
1211 779 1251 822 ne
1271 759 1415 826 iudicium
1460 745 1463 752 ’

317 859 545 946 praecipitetur,
573 882 652 927 neve
673 858 714 925 ad
733 860 864 948 primam
884 861 974 928 naevi
993 859 1126 944 speciem
1144 880 1219 923 veru
1239 881 1275 923 ac
1295 861 1414 942 nigrum

319 961 402 1024 theta
430 964 571 1047 plagosus
595 984 702 1027 censor
721 961 873 1049 expediat.
916 981 1096 1043 cognoscere
1116 959 1197 1046 prius
1217 984 1257 1024 ne
1277 975 1414 1044 gravetur

317 1059 352 1124 in
373 1057 526 1127 Glossario
546 1073 577 1127 et
595 1063 698 1145 Notis,
726 1085 805 1150 quae
825 1087 877 1128 me
903 1063 942 1127 ad
962 1064 1006 1130 aie
1026 1061 1280 1148 interpretandum
1307 1071 1415 1129 causac

274 1200 278 1205 -
316 1161 498 1250 impulerint.
539 1168 591 1232 vel
610 1169 763 1248 absolvet,
790 1169 841 1231 vel
861 1166 1010 1248 ignoscet,
1031 1166 1081 1228 vel
1101 1165 1202 1228 mitius
1223 1167 1301 1226 sorte
1323 1165 1414 1228 casti-

318 1252 402 1346 gabit
426 1279 586 1353 perspecto
614 1267 686 1354 quid
713 1269 746 1330 in
772 1287 807 1331 re
829 1267 877 1331 sit.
919 1265 1099 1354 typographi
1120 1263 1231 1329 menda
1252 1286 1290 1327 ne
1310 1257 1414 1350 impu'-

317 1375 417 1431 tantur
444 1368 521 1430 mihi
552 1391 604 1433 cur
629 1372 798 1457 postulem,
825 1365 907 1454 quod
927 1369 992 1454 ipsu
1013 1371 1089 1432 ultro
1113 1368 1245 1456 aequitas
1265 1366 1412 1446 largitur?

241 1487 245 1498 ·
316 1487 358 1529 ne
385 1468 480 1531 multa
500 1473 660 1560 graviaque
680 1471 910 1548 intervenirent,
942 1491 1011 1534 cura
1032 1481 1078 1533 est
1099 1491 1159 1532 non
1180 1467 1324 1532 mediocri
1346 1490 1413 1531 cer-

315 1577 428 1631 tuum:
459 1593 498 1635 ne
526 1577 586 1638 ulla
612 1575 663 1640 vel
690 1575 769 1640 levia
788 1571 952 1658 irreperent
971 1571 1065 1637 vitare
1084 1573 1159 1634 ultra
1177 1572 1343 1634 humanam
1363 1571 1412 1631 fa-

319 1673 459 1736 cultatem
485 1673 551 1740 init.
593 1673 687 1738 index
713 1673 942 1762 praecipuorum
968 1694 1117 1759 appensus
1146 1670 1186 1736 ad
1212 1673 1323 1735 calcem
1342 1669 1412 1735 Ob-

317 1775 524 1839 servationum
544 1787 604 1857 est,
633 1777 717 1841 cuius
738 1775 895 1839 admonitu
915 1797 1009 1840 manu
1029 1773 1152 1839 adiuvet
1171 1775 1223 1862 qui
1242 1771 1411 1854 adverterit,

316 1886 349 1937 et
366 1877 517 1940 benefacti
536 1879 637 1942 locum
657 1889 792 1966 occupet.
834 1879 1060 1959 chronologicas
1081 1876 1296 1941 controversias
1318 1875 1410 1956 (nam

315 1988 401 2041 eraut
420 1990 452 2057 et
471 1978 522 2042 hic
542 1979 618 2043 nodi
638 1981 702 2044 eius
723 1979 841 2062 generis
868 1977 951 2059 digni
977 1979 1118 2058 modice)
1146 1980 1177 2040 in
1202 1979 1312 2040 librum
1337 1997 1411 2062 pro-

314 2079 415 2166 prium
434 2081 644 2168 seposuimus,
673 2081 721 2144 cni
748 2077 924 2164 ἐπίμετρον
947 2081 1146 2166 superiectum
1166 2088 1212 2141 cst
1233 2076 1410 2164 Specimen

313 2179 503 2267 sapientiae
523 2180 691 2246 Indorum
710 2192 862 2245 veterum
882 2179 933 2260 *).
981 2183 1057 2243 liber
1076 2181 1163 2242 tentio
1184 2176 1409 2241 succedentium

312 2281 445 2345 invicem
465 2281 694 2344 translationum
722 2280 816 2360 gradu
838 2302 876 2343 ex
895 2277 1000 2343 Iudico
1024 2280 1143 2343 Persico
1164 2277 1290 2340 Arabico
1313 2273 1409 2342 Grae·

312 2402 364 2444 cus
392 2383 503 2461 factus,
530 2391 561 2444 et
581 2383 664 2447 velut
683 2392 753 2444 tunc
773 2381 947 2446 notissimus
972 2369 1249 2466 Constantinopoli,
1280 2380 1319 2442 ab
1346 2378 1407 2442 im-

311 2497 449 2573 peratore
472 2484 516 2548 ibi
537 2482 617 2571 apud
636 2486 718 2547 hunc
743 2496 879 2547 nostrum
907 2484 1103 2547 concionante
1129 2480 1284 2561 laudatus,
1312 2501 1406 2567 quae-

310 2584 398 2650 rendi
417 2584 465 2650 sui
484 2585 693 2649 necessitatem
720 2586 865 2673 imposuit
886 2582 968 2648 haud
990 2588 1074 2649 aliter
1092 2584 1282 2649 intellecturis
1301 2584 1406 2649 locunt

309 2687 343 2751 in
363 2710 424 2773 quo
443 2699 638 2751 memoratur·
678 2687 818 2754 inventus
837 2688 871 2752 in
890 2690 1040 2776 locuplete
1058 2688 1162 2751 talium
1179 2708 1277 2774 penu,
1295 2706 1404 2751 museo

309 2786 506 2854 illustrissimi
530 2790 645 2871 Allatii,
668 2790 733 2856 eius
761 2791 891 2873 benigna
912 2790 1005 2873 gratia
1025 2790 1108 2856 visus
1129 2810 1147 2853 a
1166 2811 1218 2852 me
1238 2788 1403 2874 Latineque

309 2888 463 2973 redditus,
497 2890 634 2956 eusdem
664 2891 776 2956 iudicio
803 2902 834 2955 et
858 2894 978 2955 hortatu
1006 2890 1102 2955 editus
1129 2891 1180 2954 hic
1204 2892 1320 2972 integer
1346 2901 1403 2967 est,

309 3015 374 3061 uon
392 2994 569 3075 invenusta,
587 2992 621 3056 ni
640 2995 747 3074 fallor,
766 2994 975 3084 peregrinitate
994 2994 1164 3080 placitunrs.
1203 2994 1281 3061 vole.

381 3246 416 3315 ⁸)
450 3246 515 3301 Eun
530 3246 651 3301 libeltm
663 3248 844 3321 (Hitrpaderr
858 3250 969 3305 herbera
984 3249 1109 3318 vocatur)
1130 3264 1179 3303 nac
1194 3250 1249 3303 tum
1264 3246 1346 3303 tulare
1358 3244 1399 3301 in-

313 3332 440 3403 cognitum
458 3337 486 3387 et
507 3332 599 3388 delude
622 3334 743 3407 plurimu
763 3335 791 3389 in
813 3335 913 3407 linguar
936 3350 1084 3390 morarum
1103 3334 1177 3405 vulgo
1194 3334 1247 3405 legi
1261 3330 1399 3387 orundunt

313 3419 420 3472 &reim
450 3418 632 3489 (Hitopodera
653 3440 683 3476 cr
702 3423 820 3491 salnay
842 3423 994 3476 imtruetiou
1015 3421 1044 3474 ia
1066 3419 1111 3475 tie
1134 3420 1250 3491 original
1272 3416 1399 3483 &meda

307 3505 413 3575 prlnted
429 3513 459 3559 at
475 3509 627 3578 Sarcapore
641 3526 669 3578 p.
679 3509 718 3566 1v
728 3516 755 3563 et
765 3507 814 3577 X)
831 3513 858 3561 et
873 3508 980 3562 Iacobus
995 3506 1130 3563 Grimmiur
1147 3505 1297 3577 (flauam
1314 3502 1398 3555 Factae

308 3606 336 3661 p.
347 3591 507 3645 cccxxur
517 3596 605 3665 κῃ).
637 3594 705 3661 nihil
713 3594 792 3665 igitur
809 3610 901 3647 murae
917 3599 975 3647 erat
990 3611 1036 3647 cur
1052 3594 1147 3649 diutior
1162 3592 1314 3647 adhaereret
1329 3587 1396 3643 libro

309 3694 366 3733 cun
381 3695 429 3733 rua
446 3679 509 3735 nole
528 3681 603 3752 gravi
618 3686 673 3737 torn
688 3699 705 3738 a
720 3680 828 3737 renuo
844 3679 978 3751 benignius
994 3696 1069 3752 quarn
1088 3678 1224 3817 oponpbelp
1240 3680 1340 3730 ornato.
