<?xml version="1.0" encoding="UTF-8"?>
<!DOCTYPE html PUBLIC "-//W3C//DTD XHTML 1.0 Transitional//EN"
    "http://www.w3.org/TR/xhtml1/DTD/xhtml1-transitional.dtd">
<html xmlns="http://www.w3.org/1999/xhtml" xml:lang="en" lang="en">
 <head>
  <title>
</title>
<meta http-equiv="Content-Type" content="text/html;charset=utf-8" />
  <meta name='ocr-system' content='tesseract 3.04.00' />
  <meta name='ocr-capabilities' content='ocr_page ocr_carea ocr_par ocr_line ocrx_word'/>
</head>
<body>
  <div class='ocr_page' id='page_1' title='image "./corpusscriptoru44theogoog/corpusscriptoru44theogoog_0419.png"; bbox 0 0 3125 4900; ppageno 0'>
   <div class='ocr_carea' id='block_1_1' title="bbox 323 301 1104 378">
    <p class='ocr_par' dir='ltr' id='par_1_1' title="bbox 323 301 1104 378">
     <span class='ocr_line' id='line_1_1' title="bbox 323 301 1104 378; baseline -0.01 -2"><span class='ocrx_word' id='word_1_1' title='bbox 323 305 397 378; x_wconf 76' lang='lat'>402</span> <span class='ocrx_word' id='word_1_2' title='bbox 638 301 817 374; x_wconf 86' lang='lat' dir='ltr'>GEORGII</span> <span class='ocrx_word' id='word_1_3' title='bbox 842 301 1104 369; x_wconf 76' lang='lat' dir='ltr'>Pscnumums</span> 
     </span>
    </p>
   </div>
   <div class='ocr_carea' id='block_1_2' title="bbox 217 463 1423 765">
    <p class='ocr_par' dir='ltr' id='par_1_2' title="bbox 217 463 1423 765">
     <span class='ocr_line' id='line_1_2' title="bbox 324 463 1423 562; baseline -0.007 -20"><span class='ocrx_word' id='word_1_4' title='bbox 324 477 458 562; x_wconf 69' lang='grc' dir='ltr'><strong><em>έχκαλεῖν</em></strong></span> <span class='ocrx_word' id='word_1_5' title='bbox 477 470 549 539; x_wconf 82' lang='grc' dir='ltr'><strong><em>ἀλλ’</em></strong></span> <span class='ocrx_word' id='word_1_6' title='bbox 568 472 700 562; x_wconf 70' lang='grc' dir='ltr'><strong><em>ἱστορεῖν</em></strong></span> <span class='ocrx_word' id='word_1_7' title='bbox 713 469 923 560; x_wconf 85' lang='grc' dir='ltr'><strong><em>προεθέμεθα.</em></strong></span> <span class='ocrx_word' id='word_1_8' title='bbox 977 469 1052 538; x_wconf 85' lang='grc' dir='ltr'><strong><em>όθεν</em></strong></span> <span class='ocrx_word' id='word_1_9' title='bbox 1067 471 1118 537; x_wconf 78' lang='grc' dir='ltr'><strong><em>καὶ</em></strong></span> <span class='ocrx_word' id='word_1_10' title='bbox 1134 465 1220 552; x_wconf 77' lang='grc' dir='ltr'><strong><em>ὁμέν</em></strong></span> <span class='ocrx_word' id='word_1_11' title='bbox 1237 463 1327 556; x_wconf 75' lang='grc' dir='ltr'><strong><em>λόφος</em></strong></span> <span class='ocrx_word' id='word_1_12' title='bbox 1341 468 1423 553; x_wconf 79' lang='grc' dir='ltr'><strong><em>ψιλὰ</em></strong></span> 
     </span>
     <span class='ocr_line' id='line_1_3' title="bbox 322 571 1293 666; baseline -0.006 -21"><span class='ocrx_word' id='word_1_13' title='bbox 322 580 362 645; x_wconf 80' lang='grc' dir='ltr'><strong><em>τό</em></strong></span> <span class='ocrx_word' id='word_1_14' title='bbox 378 576 559 666; x_wconf 71' lang='grc' dir='ltr'><strong><em>πραχθέντα</em></strong></span> <span class='ocrx_word' id='word_1_15' title='bbox 574 577 717 663; x_wconf 87' lang='grc' dir='ltr'><strong><em>τίθησιν,</em></strong></span> <span class='ocrx_word' id='word_1_16' title='bbox 743 576 862 656; x_wconf 69' lang='grc' dir='ltr'><strong><em>ἐξέσται</em></strong></span> <span class='ocrx_word' id='word_1_17' title='bbox 876 576 910 641; x_wconf 76' lang='grc' dir='ltr'>δέ</span> <span class='ocrx_word' id='word_1_18' title='bbox 924 576 1032 659; x_wconf 86' lang='grc' dir='ltr'><strong><em>κρίνειν</em></strong></span> <span class='ocrx_word' id='word_1_19' title='bbox 1045 581 1089 663; x_wconf 79' lang='grc' dir='ltr'><strong><em>τῷ</em></strong></span> <span class='ocrx_word' id='word_1_20' title='bbox 1103 571 1293 663; x_wconf 77' lang='grc' dir='ltr'><strong><em>βουλομένῳ.</em></strong></span> 
     </span>
     <span class='ocr_line' id='line_1_4' title="bbox 217 672 1422 765; baseline -0.009 -14"><span class='ocrx_word' id='word_1_21' title='bbox 217 704 307 759; x_wconf 68' lang='lat'>{²273</span> <span class='ocrx_word' id='word_1_22' title='bbox 427 677 487 750; x_wconf 70' lang='lat'>24.</span> <span class='ocrx_word' id='word_1_23' title='bbox 540 677 620 748; x_wconf 88' lang='grc' dir='ltr'><strong><em>Τότε</em></strong></span> <span class='ocrx_word' id='word_1_24' title='bbox 643 682 746 746; x_wconf 80' lang='grc' dir='ltr'><strong><em>τοίνυν</em></strong></span> <span class='ocrx_word' id='word_1_25' title='bbox 767 685 825 745; x_wconf 78' lang='grc' dir='ltr'><strong><em>τοῦ</em></strong></span> <span class='ocrx_word' id='word_1_26' title='bbox 844 677 1026 765; x_wconf 76' lang='grc' dir='ltr'><strong><em>μένἾωσῆφ</em></strong></span> <span class='ocrx_word' id='word_1_27' title='bbox 1041 673 1248 764; x_wconf 76' lang='grc' dir='ltr'><strong><em>ἀργήσαντας,</em></strong></span> <span class='ocrx_word' id='word_1_28' title='bbox 1275 672 1318 753; x_wconf 81' lang='grc' dir='ltr'><strong><em>ὥς</em></strong></span> <span class='ocrx_word' id='word_1_29' title='bbox 1340 700 1422 759; x_wconf 88' lang='grc' dir='ltr'><strong><em>πρα-</em></strong></span> 
     </span>
    </p>
   </div>
   <div class='ocr_carea' id='block_1_3' title="bbox 276 776 1464 2725">
    <p class='ocr_par' dir='ltr' id='par_1_3' title="bbox 319 776 1446 1280">
     <span class='ocr_line' id='line_1_5' title="bbox 322 776 1422 867; baseline -0.006 -16"><span class='ocrx_word' id='word_1_30' title='bbox 322 783 477 862; x_wconf 87' lang='grc' dir='ltr'><strong><em>λέλεκται,</em></strong></span> <span class='ocrx_word' id='word_1_31' title='bbox 499 787 556 865; x_wconf 82' lang='grc' dir='ltr'>τῆς</span> <span class='ocrx_word' id='word_1_32' title='bbox 577 783 610 848; x_wconf 85' lang='lat' dir='ltr'>d&#39;</span> <span class='ocrx_word' id='word_1_33' title='bbox 628 783 790 867; x_wconf 70' lang='grc' dir='ltr'><strong><em>ἐκκλησίας</em></strong></span> <span class='ocrx_word' id='word_1_34' title='bbox 814 778 964 866; x_wconf 87' lang='grc' dir='ltr'><strong><em>ζητούσης</em></strong></span> <span class='ocrx_word' id='word_1_35' title='bbox 978 781 1032 847; x_wconf 86' lang='grc' dir='ltr'><strong><em>τόν</em></strong></span> <span class='ocrx_word' id='word_1_36' title='bbox 1048 776 1313 866; x_wconf 68' lang='grc' dir='ltr'><strong><em>προστησόμενον,</em></strong></span> <span class='ocrx_word' id='word_1_37' title='bbox 1341 785 1422 844; x_wconf 58' lang='grc' dir='ltr'><strong><em>πολε-</em></strong></span> 
     </span>
     <span class='ocr_line' id='line_1_6' title="bbox 320 879 1446 972; baseline -0.009 -19"><span class='ocrx_word' id='word_1_38' title='bbox 320 889 369 954; x_wconf 87' lang='grc' dir='ltr'>λοί</span> <span class='ocrx_word' id='word_1_39' title='bbox 387 887 572 972; x_wconf 81' lang='grc' dir='ltr'><strong><em>ένεκρίνοντο</em></strong></span> <span class='ocrx_word' id='word_1_40' title='bbox 589 892 652 952; x_wconf 82' lang='grc' dir='ltr'><strong><em>τῶν</em></strong></span> <span class='ocrx_word' id='word_1_41' title='bbox 669 881 845 953; x_wconf 74' lang='grc' dir='ltr'><strong><em>δοκούντων</em></strong></span> <span class='ocrx_word' id='word_1_42' title='bbox 863 879 924 950; x_wconf 86' lang='grc' dir='ltr'><strong><em>ἀπό</em></strong></span> <span class='ocrx_word' id='word_1_43' title='bbox 937 909 969 950; x_wconf 90' lang='grc' dir='ltr'>τε</span> <span class='ocrx_word' id='word_1_44' title='bbox 985 890 1047 950; x_wconf 82' lang='grc' dir='ltr'><strong><em>τῶν</em></strong></span> <span class='ocrx_word' id='word_1_45' title='bbox 1058 887 1204 968; x_wconf 83' lang='grc' dir='ltr'><strong><em>μοναχῶν</em></strong></span> <span class='ocrx_word' id='word_1_46' title='bbox 1216 884 1268 947; x_wconf 84' lang='grc' dir='ltr'><strong><em>καί</em></strong></span> <span class='ocrx_word' id='word_1_47' title='bbox 1283 887 1344 949; x_wconf 82' lang='grc' dir='ltr'><strong><em>τῶν</em></strong></span> <span class='ocrx_word' id='word_1_48' title='bbox 1362 880 1446 948; x_wconf 75' lang='lat' dir='ltr'>‹tt-5</span> 
     </span>
     <span class='ocr_line' id='line_1_7' title="bbox 319 982 1421 1076; baseline -0.006 -21"><span class='ocrx_word' id='word_1_49' title='bbox 319 996 380 1066; x_wconf 85' lang='grc' dir='ltr'><strong><em>λως</em></strong></span> <span class='ocrx_word' id='word_1_50' title='bbox 402 987 592 1076; x_wconf 74' lang='grc' dir='ltr'><strong><em>ἱερωμένων,</em></strong></span> <span class='ocrx_word' id='word_1_51' title='bbox 620 987 726 1074; x_wconf 65' lang='grc' dir='ltr'><strong><em>ἔρρεπε</em></strong></span> <span class='ocrx_word' id='word_1_52' title='bbox 750 989 785 1054; x_wconf 78' lang='grc' dir='ltr'>δέ</span> <span class='ocrx_word' id='word_1_53' title='bbox 809 986 899 1054; x_wconf 83' lang='grc' dir='ltr'><strong><em>πλέον</em></strong></span> <span class='ocrx_word' id='word_1_54' title='bbox 912 983 932 1070; x_wconf 79' lang='grc' dir='ltr'><em>ἢ</em></span> <span class='ocrx_word' id='word_1_55' title='bbox 945 992 1054 1073; x_wconf 80' lang='grc' dir='ltr'><strong><em>ψῆφος</em></strong></span> <span class='ocrx_word' id='word_1_56' title='bbox 1076 992 1121 1075; x_wconf 77' lang='grc' dir='ltr'><strong><em>τῷ</em></strong></span> <span class='ocrx_word' id='word_1_57' title='bbox 1135 986 1301 1071; x_wconf 77' lang='grc' dir='ltr'><strong><em>Πρίγκιπι,</em></strong></span> <span class='ocrx_word' id='word_1_58' title='bbox 1329 982 1421 1068; x_wconf 78' lang='grc' dir='ltr'><strong><em>ἀνδρί</em></strong></span> 
     </span>
     <span class='ocr_line' id='line_1_8' title="bbox 321 1082 1421 1179; baseline -0.007 -20"><span class='ocrx_word' id='word_1_59' title='bbox 321 1092 435 1179; x_wconf 70' lang='lat' dir='ltr'>odyssei</span> <span class='ocrx_word' id='word_1_60' title='bbox 443 1090 500 1174; x_wconf 82' lang='grc' dir='ltr'>μέν</span> <span class='ocrx_word' id='word_1_61' title='bbox 513 1090 554 1158; x_wconf 80' lang='grc' dir='ltr'><strong><em>τὰ</em></strong></span> <span class='ocrx_word' id='word_1_62' title='bbox 567 1089 598 1168; x_wconf 76' lang='grc' dir='ltr'><strong><em>ἒς</em></strong></span> <span class='ocrx_word' id='word_1_63' title='bbox 613 1090 699 1177; x_wconf 75' lang='grc' dir='ltr'><strong><em>γένος</em></strong></span> <span class='ocrx_word' id='word_1_64' title='bbox 706 1140 717 1171; x_wconf 96' lang='grc'><strong><em>,</em></strong></span> <span class='ocrx_word' id='word_1_65' title='bbox 744 1092 778 1156; x_wconf 80' lang='grc' dir='ltr'>έν</span> <span class='ocrx_word' id='word_1_66' title='bbox 793 1092 972 1176; x_wconf 74' lang='grc' dir='ltr'><strong><em>Πριγκίπων</em></strong></span> <span class='ocrx_word' id='word_1_67' title='bbox 994 1091 1028 1156; x_wconf 73' lang='lat' dir='ltr'>dd</span> <span class='ocrx_word' id='word_1_68' title='bbox 1047 1095 1110 1156; x_wconf 84' lang='grc' dir='ltr'><strong><em>τῶν</em></strong></span> <span class='ocrx_word' id='word_1_69' title='bbox 1124 1088 1204 1154; x_wconf 71' lang='grc' dir='ltr'><strong><em>κατὰ</em></strong></span> <span class='ocrx_word' id='word_1_70' title='bbox 1217 1082 1421 1171; x_wconf 84' lang='grc' dir='ltr'><strong><em>Πελοπόννη-</em></strong></span> 
     </span>
     <span class='ocr_line' id='line_1_9' title="bbox 321 1187 1422 1280; baseline -0.005 -20"><span class='ocrx_word' id='word_1_71' title='bbox 321 1221 378 1261; x_wconf 91' lang='grc' dir='ltr'>σον</span> <span class='ocrx_word' id='word_1_72' title='bbox 391 1190 555 1280; x_wconf 75' lang='grc' dir='ltr'><strong><em>κατάγοντι</em></strong></span> <span class='ocrx_word' id='word_1_73' title='bbox 566 1193 602 1260; x_wconf 86' lang='grc' dir='ltr'><strong><em>τό</em></strong></span> <span class='ocrx_word' id='word_1_74' title='bbox 617 1194 788 1277; x_wconf 84' lang='grc' dir='ltr'><strong><em>ἀνέκαθεν,</em></strong></span> <span class='ocrx_word' id='word_1_75' title='bbox 815 1189 932 1260; x_wconf 87' lang='grc' dir='ltr'><strong><em>όπόθεν</em></strong></span> <span class='ocrx_word' id='word_1_76' title='bbox 950 1192 1018 1269; x_wconf 87' lang='grc' dir='ltr'><strong><em>νέος</em></strong></span> <span class='ocrx_word' id='word_1_77' title='bbox 1035 1187 1205 1272; x_wconf 85' lang='grc' dir='ltr'><strong><em>ξενιτεύσας</em></strong></span> <span class='ocrx_word' id='word_1_78' title='bbox 1221 1189 1292 1256; x_wconf 78' lang='grc' dir='ltr'><strong><em>κατ’</em></strong></span> <span class='ocrx_word' id='word_1_79' title='bbox 1307 1188 1422 1276; x_wconf 77' lang='grc' dir='ltr'><strong><em>ἀρετῆς</em></strong></span> 
     </span>
    </p>

    <p class='ocr_par' dir='ltr' id='par_1_4' title="bbox 283 1291 1464 1897">
     <span class='ocr_line' id='line_1_10' title="bbox 283 1291 1420 1383; baseline -0.004 -19"><span class='ocrx_word' id='word_1_80' title='bbox 283 1319 307 1371; x_wconf 83' lang='grc' dir='ltr'><strong>Β</strong></span> <span class='ocrx_word' id='word_1_81' title='bbox 324 1295 434 1383; x_wconf 75' lang='grc' dir='ltr'><strong><em>λόγους</em></strong></span> <span class='ocrx_word' id='word_1_82' title='bbox 453 1300 504 1362; x_wconf 84' lang='grc' dir='ltr'><strong><em>καλ</em></strong></span> <span class='ocrx_word' id='word_1_83' title='bbox 524 1299 677 1374; x_wconf 80' lang='grc' dir='ltr'><strong><em>πολιτείας</em></strong></span> <span class='ocrx_word' id='word_1_84' title='bbox 698 1293 920 1382; x_wconf 76' lang='grc' dir='ltr'><strong><em>ἀκριβεστάτης</em></strong></span> <span class='ocrx_word' id='word_1_85' title='bbox 938 1295 970 1360; x_wconf 75' lang='grc' dir='ltr'>έν</span> <span class='ocrx_word' id='word_1_86' title='bbox 989 1321 1048 1362; x_wconf 91' lang='grc' dir='ltr'><strong><em>τινι</em></strong></span> <span class='ocrx_word' id='word_1_87' title='bbox 1062 1301 1122 1362; x_wconf 84' lang='grc' dir='ltr'><strong><em>τῶν</em></strong></span> <span class='ocrx_word' id='word_1_88' title='bbox 1138 1293 1220 1359; x_wconf 76' lang='grc' dir='ltr'><strong><em>κατὰ</em></strong></span> <span class='ocrx_word' id='word_1_89' title='bbox 1234 1293 1290 1378; x_wconf 77' lang='grc' dir='ltr'><strong><em>τὴν</em></strong></span> <span class='ocrx_word' id='word_1_90' title='bbox 1305 1291 1420 1359; x_wconf 85' lang='grc' dir='ltr'><strong><em>ἀνατο-</em></strong></span> 
     </span>
     <span class='ocr_line' id='line_1_11' title="bbox 321 1395 1464 1488; baseline -0.005 -22"><span class='ocrx_word' id='word_1_91' title='bbox 321 1401 378 1484; x_wconf 77' lang='grc' dir='ltr'>λὴν</span> <span class='ocrx_word' id='word_1_92' title='bbox 390 1405 495 1483; x_wconf 82' lang='grc' dir='ltr'><strong><em>μονῶν</em></strong></span> <span class='ocrx_word' id='word_1_93' title='bbox 510 1406 567 1464; x_wconf 80' lang='grc' dir='ltr'><strong><em>τοῦ</em></strong></span> <span class='ocrx_word' id='word_1_94' title='bbox 580 1399 726 1477; x_wconf 86' lang='grc' dir='ltr'><strong><em>Μέλανος</em></strong></span> <span class='ocrx_word' id='word_1_95' title='bbox 739 1399 843 1488; x_wconf 83' lang='grc' dir='ltr'><strong><em>ἀρους,</em></strong></span> <span class='ocrx_word' id='word_1_96' title='bbox 870 1396 948 1464; x_wconf 82' lang='grc' dir='ltr'><strong><em>ὅπου</em></strong></span> <span class='ocrx_word' id='word_1_97' title='bbox 964 1424 997 1484; x_wconf 77' lang='grc' dir='ltr'><strong><em>γε</em></strong></span> <span class='ocrx_word' id='word_1_98' title='bbox 1013 1400 1064 1464; x_wconf 78' lang='grc' dir='ltr'><strong><em>καί</em></strong></span> <span class='ocrx_word' id='word_1_99' title='bbox 1077 1398 1130 1464; x_wconf 84' lang='grc' dir='ltr'><strong><em>τόν</em></strong></span> <span class='ocrx_word' id='word_1_100' title='bbox 1145 1395 1206 1463; x_wconf 77' lang='grc' dir='ltr'><strong><em>ἀπὸ</em></strong></span> <span class='ocrx_word' id='word_1_101' title='bbox 1218 1401 1420 1484; x_wconf 84' lang='grc' dir='ltr'><strong><em>πατριαρχῶν</em></strong></span> <span class='ocrx_word' id='word_1_102' title='bbox 1430 1409 1464 1461; x_wconf 81' lang='lat' dir='ltr'>1ss</span> 
     </span>
     <span class='ocr_line' id='line_1_12' title="bbox 321 1498 1422 1590; baseline -0.003 -21"><span class='ocrx_word' id='word_1_103' title='bbox 321 1508 352 1569; x_wconf 90' lang='grc' dir='ltr'>Γ</span> <span class='ocrx_word' id='word_1_104' title='bbox 349 1501 482 1586; x_wconf 80' lang='grc' dir='ltr'><strong><em>ερμανάν</em></strong></span> <span class='ocrx_word' id='word_1_105' title='bbox 503 1500 607 1568; x_wconf 83' lang='grc' dir='ltr'><strong><em>ἀσκεῖν</em></strong></span> <span class='ocrx_word' id='word_1_106' title='bbox 626 1501 784 1587; x_wconf 69' lang='grc' dir='ltr'><strong><em>ἐλέγομεν,</em></strong></span> <span class='ocrx_word' id='word_1_107' title='bbox 812 1501 914 1590; x_wconf 89' lang='grc' dir='ltr'><strong><em>φέρων</em></strong></span> <span class='ocrx_word' id='word_1_108' title='bbox 933 1498 1043 1568; x_wconf 76' lang='grc' dir='ltr'><strong><em>ἔαυτόν</em></strong></span> <span class='ocrx_word' id='word_1_109' title='bbox 1062 1501 1192 1586; x_wconf 76' lang='grc' dir='ltr'><strong><em>έγκλείει.</em></strong></span> <span class='ocrx_word' id='word_1_110' title='bbox 1243 1500 1361 1565; x_wconf 73' lang='grc' dir='ltr'><strong><em>ἐκεῖθεν</em></strong></span> <span class='ocrx_word' id='word_1_111' title='bbox 1385 1500 1422 1566; x_wconf 75' lang='grc' dir='ltr'>δέ</span> 
     </span>
     <span class='ocr_line' id='line_1_13' title="bbox 318 1597 1420 1694; baseline -0.001 -24"><span class='ocrx_word' id='word_1_112' title='bbox 318 1605 397 1688; x_wconf 80' lang='grc' dir='ltr'><strong><em>μετὰ</em></strong></span> <span class='ocrx_word' id='word_1_113' title='bbox 410 1600 542 1692; x_wconf 80' lang='grc' dir='ltr'><strong><em>χρόνους</em></strong></span> <span class='ocrx_word' id='word_1_114' title='bbox 554 1611 599 1694; x_wconf 78' lang='grc' dir='ltr'><strong><em>τῷ</em></strong></span> <span class='ocrx_word' id='word_1_115' title='bbox 610 1612 736 1688; x_wconf 76' lang='grc' dir='ltr'><strong><em>βασιλεῖ</em></strong></span> <span class='ocrx_word' id='word_1_116' title='bbox 744 1615 926 1691; x_wconf 85' lang='grc' dir='ltr'><strong><em>προσχωρεΐ,</em></strong></span> <span class='ocrx_word' id='word_1_117' title='bbox 955 1606 1005 1670; x_wconf 76' lang='grc' dir='ltr'><strong><em>καί</em></strong></span> <span class='ocrx_word' id='word_1_118' title='bbox 1018 1603 1074 1688; x_wconf 74' lang='grc' dir='ltr'><strong><em>τὴν</em></strong></span> <span class='ocrx_word' id='word_1_119' title='bbox 1087 1609 1143 1668; x_wconf 79' lang='grc' dir='ltr'><strong><em>τοῦ</em></strong></span> <span class='ocrx_word' id='word_1_120' title='bbox 1157 1597 1420 1690; x_wconf 85' lang='grc' dir='ltr'><strong><em>Παντοκρύτορος</em></strong></span> 
     </span>
     <span class='ocr_line' id='line_1_14' title="bbox 319 1702 1419 1794; baseline -0.004 -20"><span class='ocrx_word' id='word_1_121' title='bbox 319 1708 418 1794; x_wconf 72' lang='grc' dir='ltr'><strong><em>μονὴν</em></strong></span> <span class='ocrx_word' id='word_1_122' title='bbox 445 1710 639 1789; x_wconf 84' lang='grc' dir='ltr'><strong><em>πιστευθείς,</em></strong></span> <span class='ocrx_word' id='word_1_123' title='bbox 676 1708 833 1784; x_wconf 76' lang='grc' dir='ltr'><strong><em>καταστὰς</em></strong></span> <span class='ocrx_word' id='word_1_124' title='bbox 863 1711 905 1785; x_wconf 76' lang='grc' dir='ltr'>εἰς</span> <span class='ocrx_word' id='word_1_125' title='bbox 931 1707 1189 1793; x_wconf 82' lang='grc' dir='ltr'><strong><em>ἀρχιμανόρίτην,</em></strong></span> <span class='ocrx_word' id='word_1_126' title='bbox 1215 1702 1280 1772; x_wconf 72' lang='grc' dir='ltr'><strong><em>εἶτα</em></strong></span> <span class='ocrx_word' id='word_1_127' title='bbox 1303 1707 1354 1770; x_wconf 85' lang='grc' dir='ltr'><strong><em>καλ</em></strong></span> <span class='ocrx_word' id='word_1_128' title='bbox 1376 1705 1419 1770; x_wconf 81' lang='lat' dir='ltr'>sci</span> 
     </span>
     <span class='ocr_line' id='line_1_15' title="bbox 321 1805 1419 1897; baseline -0.003 -21"><span class='ocrx_word' id='word_1_129' title='bbox 321 1811 400 1892; x_wconf 83' lang='grc' dir='ltr'><strong><em>πρός</em></strong></span> <span class='ocrx_word' id='word_1_130' title='bbox 425 1810 499 1886; x_wconf 84' lang='grc' dir='ltr'><strong><em>τούς</em></strong></span> <span class='ocrx_word' id='word_1_131' title='bbox 524 1810 726 1889; x_wconf 84' lang='grc' dir='ltr'><strong><em>ἀνατολικούς</em></strong></span> <span class='ocrx_word' id='word_1_132' title='bbox 749 1807 911 1897; x_wconf 81' lang='grc' dir='ltr'><strong><em>Τοχάροος</em></strong></span> <span class='ocrx_word' id='word_1_133' title='bbox 938 1807 1181 1896; x_wconf 80' lang='grc' dir='ltr'><strong><em>όιαπρεσβεύσας</em></strong></span> <span class='ocrx_word' id='word_1_134' title='bbox 1192 1857 1203 1889; x_wconf 99' lang='grc'><strong><em>,</em></strong></span> <span class='ocrx_word' id='word_1_135' title='bbox 1233 1808 1290 1894; x_wconf 79' lang='grc' dir='ltr'><strong><em>τὴν</em></strong></span> <span class='ocrx_word' id='word_1_136' title='bbox 1319 1805 1419 1874; x_wconf 82' lang='grc' dir='ltr'><strong><em>νόθον</em></strong></span> 
     </span>
    </p>

    <p class='ocr_par' dir='ltr' id='par_1_5' title="bbox 281 1908 1459 2621">
     <span class='ocr_line' id='line_1_16' title="bbox 281 1908 1459 2002; baseline -0.005 -21"><span class='ocrx_word' id='word_1_137' title='bbox 281 1938 305 1992; x_wconf 87' lang='lat' dir='ltr'>c</span> <span class='ocrx_word' id='word_1_138' title='bbox 321 1916 455 2001; x_wconf 88' lang='grc' dir='ltr'><strong><em>Μαρίαν</em></strong></span> <span class='ocrx_word' id='word_1_139' title='bbox 469 1920 525 1981; x_wconf 79' lang='grc' dir='ltr'><strong><em>τού</em></strong></span> <span class='ocrx_word' id='word_1_140' title='bbox 540 1914 692 1994; x_wconf 76' lang='grc' dir='ltr'><strong><em>βασιλέως</em></strong></span> <span class='ocrx_word' id='word_1_141' title='bbox 706 1917 748 1990; x_wconf 76' lang='grc' dir='ltr'>εἲς</span> <span class='ocrx_word' id='word_1_142' title='bbox 764 1911 890 1999; x_wconf 85' lang='grc' dir='ltr'><strong><em>νύμφην</em></strong></span> <span class='ocrx_word' id='word_1_143' title='bbox 903 1912 1024 1998; x_wconf 76' lang='grc' dir='ltr'><strong><em>ἀγαγών</em></strong></span> <span class='ocrx_word' id='word_1_144' title='bbox 1036 1915 1128 1980; x_wconf 75' lang='grc' dir='ltr'><strong><em>ἐκεῖσε</em></strong></span> <span class='ocrx_word' id='word_1_145' title='bbox 1141 1919 1186 1999; x_wconf 81' lang='grc' dir='ltr'><strong><em>τῷ</em></strong></span> <span class='ocrx_word' id='word_1_146' title='bbox 1192 1910 1321 2002; x_wconf 76' lang='grc' dir='ltr'><strong><em>Ἀπαμᾷ,</em></strong></span> <span class='ocrx_word' id='word_1_147' title='bbox 1339 1908 1419 1998; x_wconf 90' lang='grc' dir='ltr'><strong><em>πρός</em></strong></span> <span class='ocrx_word' id='word_1_148' title='bbox 1429 1922 1459 1975; x_wconf 84' lang='lat'>15</span> 
     </span>
     <span class='ocr_line' id='line_1_17' title="bbox 318 2010 1420 2107; baseline -0.003 -25"><span class='ocrx_word' id='word_1_149' title='bbox 318 2043 376 2083; x_wconf 91' lang='grc' dir='ltr'><strong><em>τινι</em></strong></span> <span class='ocrx_word' id='word_1_150' title='bbox 393 2017 502 2107; x_wconf 87' lang='grc' dir='ltr'><strong><em>κελλίιρ</em></strong></span> <span class='ocrx_word' id='word_1_151' title='bbox 516 2023 572 2102; x_wconf 83' lang='grc' dir='ltr'>τῆς</span> <span class='ocrx_word' id='word_1_152' title='bbox 585 2025 647 2084; x_wconf 85' lang='grc' dir='ltr'><strong><em>τῶν</em></strong></span> <span class='ocrx_word' id='word_1_153' title='bbox 657 2014 797 2103; x_wconf 78' lang='grc' dir='ltr'><strong><em>Ὁόηγῶν</em></strong></span> <span class='ocrx_word' id='word_1_154' title='bbox 811 2023 908 2101; x_wconf 83' lang='grc' dir='ltr'><strong><em>μονῆς</em></strong></span> <span class='ocrx_word' id='word_1_155' title='bbox 922 2015 1101 2082; x_wconf 70' lang='grc' dir='ltr'><strong><em>ἐπανελθὼν</em></strong></span> <span class='ocrx_word' id='word_1_156' title='bbox 1115 2010 1274 2100; x_wconf 78' lang='grc' dir='ltr'><strong><em>ἡσύχαζεν.</em></strong></span> <span class='ocrx_word' id='word_1_157' title='bbox 1325 2011 1420 2079; x_wconf 78' lang='grc' dir='ltr'><strong><em>ἀστε-</em></strong></span> 
     </span>
     <span class='ocr_line' id='line_1_18' title="bbox 319 2115 1419 2210; baseline -0.004 -26"><span class='ocrx_word' id='word_1_158' title='bbox 319 2144 375 2207; x_wconf 92' lang='grc' dir='ltr'>ρον</span> <span class='ocrx_word' id='word_1_159' title='bbox 389 2121 424 2186; x_wconf 73' lang='grc' dir='ltr'>δὲ</span> <span class='ocrx_word' id='word_1_160' title='bbox 439 2119 495 2185; x_wconf 85' lang='grc' dir='ltr'>κάν</span> <span class='ocrx_word' id='word_1_161' title='bbox 509 2126 547 2207; x_wconf 79' lang='grc' dir='ltr'><strong><em>τῇ</em></strong></span> <span class='ocrx_word' id='word_1_162' title='bbox 563 2127 618 2203; x_wconf 80' lang='grc' dir='ltr'>τῆς</span> <span class='ocrx_word' id='word_1_163' title='bbox 629 2119 813 2203; x_wconf 80' lang='grc' dir='ltr'><strong><em>Ἀντιοχείας</em></strong></span> <span class='ocrx_word' id='word_1_164' title='bbox 835 2121 977 2210; x_wconf 72' lang='grc' dir='ltr'><strong><em>ἐκκλησία</em></strong></span> <span class='ocrx_word' id='word_1_165' title='bbox 998 2121 1040 2195; x_wconf 79' lang='grc' dir='ltr'>είς</span> <span class='ocrx_word' id='word_1_166' title='bbox 1056 2115 1247 2205; x_wconf 87' lang='grc' dir='ltr'><strong><em>πατριόρχην</em></strong></span> <span class='ocrx_word' id='word_1_167' title='bbox 1261 2119 1419 2182; x_wconf 86' lang='grc' dir='ltr'><strong><em>καθίστα-</em></strong></span> 
     </span>
     <span class='ocr_line' id='line_1_19' title="bbox 317 2217 1419 2306; baseline -0.002 -18"><span class='ocrx_word' id='word_1_168' title='bbox 317 2249 380 2293; x_wconf 88' lang='grc' dir='ltr'><strong><em>ται.</em></strong></span> <span class='ocrx_word' id='word_1_169' title='bbox 432 2219 502 2288; x_wconf 89' lang='grc' dir='ltr'><strong><em>τότε</em></strong></span> <span class='ocrx_word' id='word_1_170' title='bbox 523 2223 558 2288; x_wconf 76' lang='lat' dir='ltr'>dd</span> <span class='ocrx_word' id='word_1_171' title='bbox 580 2222 661 2288; x_wconf 85' lang='grc' dir='ltr'><strong><em>καθ’</em></strong></span> <span class='ocrx_word' id='word_1_172' title='bbox 680 2219 776 2288; x_wconf 77' lang='lat' dir='ltr'>crissie</span> <span class='ocrx_word' id='word_1_173' title='bbox 797 2220 862 2287; x_wconf 83' lang='grc' dir='ltr'><strong><em>ἀντι</em></strong></span> <span class='ocrx_word' id='word_1_174' title='bbox 884 2225 934 2286; x_wconf 78' lang='grc' dir='ltr'><strong><em>καὶ</em></strong></span> <span class='ocrx_word' id='word_1_175' title='bbox 954 2219 1136 2306; x_wconf 81' lang='grc' dir='ltr'><strong><em>ἡσυχάζοντι</em></strong></span> <span class='ocrx_word' id='word_1_176' title='bbox 1154 2217 1171 2304; x_wconf 74' lang='grc' dir='ltr'><em>ἡ</em></span> <span class='ocrx_word' id='word_1_177' title='bbox 1187 2226 1295 2306; x_wconf 73' lang='grc' dir='ltr'><strong><em>ψῆφος</em></strong></span> <span class='ocrx_word' id='word_1_178' title='bbox 1310 2218 1419 2306; x_wconf 75' lang='grc' dir='ltr'><strong><em>έρρεπε</em></strong></span> 
     </span>
     <span class='ocr_line' id='line_1_20' title="bbox 317 2319 1419 2408; baseline -0.002 -20"><span class='ocrx_word' id='word_1_179' title='bbox 317 2331 380 2389; x_wconf 83' lang='grc' dir='ltr'><strong><em>τῶν</em></strong></span> <span class='ocrx_word' id='word_1_180' title='bbox 400 2329 515 2390; x_wconf 83' lang='grc' dir='ltr'><strong><em>λοιπῶν</em></strong></span> <span class='ocrx_word' id='word_1_181' title='bbox 535 2325 627 2389; x_wconf 87' lang='grc' dir='ltr'><strong><em>πλέον</em></strong></span> <span class='ocrx_word' id='word_1_182' title='bbox 649 2323 679 2400; x_wconf 77' lang='grc' dir='ltr'><strong><em>ές</em></strong></span> <span class='ocrx_word' id='word_1_183' title='bbox 694 2322 711 2390; x_wconf 79' lang='grc' dir='ltr'>ὃ</span> <span class='ocrx_word' id='word_1_184' title='bbox 726 2331 783 2406; x_wconf 81' lang='grc' dir='ltr'>τῆς</span> <span class='ocrx_word' id='word_1_185' title='bbox 798 2323 878 2389; x_wconf 71' lang='lat' dir='ltr'>sarri</span> <span class='ocrx_word' id='word_1_186' title='bbox 893 2323 949 2408; x_wconf 81' lang='grc' dir='ltr'><strong><em>τὴν</em></strong></span> <span class='ocrx_word' id='word_1_187' title='bbox 964 2319 1290 2390; x_wconf 84' lang='grc' dir='ltr'><strong><em>Κωνσταντινούπολιν</em></strong></span> <span class='ocrx_word' id='word_1_188' title='bbox 1306 2323 1419 2405; x_wconf 82' lang='grc' dir='ltr'><strong><em>έκκλη-</em></strong></span> 
     </span>
     <span class='ocr_line' id='line_1_21' title="bbox 316 2421 1459 2512; baseline -0.004 -20"><span class='ocrx_word' id='word_1_189' title='bbox 316 2429 387 2501; x_wconf 88' lang='grc' dir='ltr'>σιάς</span> <span class='ocrx_word' id='word_1_190' title='bbox 411 2421 655 2512; x_wconf 74' lang='grc' dir='ltr'><strong><em>προστήσεσθαι.</em></strong></span> <span class='ocrx_word' id='word_1_191' title='bbox 708 2423 765 2492; x_wconf 84' lang='grc' dir='ltr'>κάν</span> <span class='ocrx_word' id='word_1_192' title='bbox 787 2423 913 2512; x_wconf 70' lang='grc' dir='ltr'><strong><em>ἐγεγόνει</em></strong></span> <span class='ocrx_word' id='word_1_193' title='bbox 931 2432 1044 2509; x_wconf 78' lang='grc' dir='ltr'><strong><em>τοῦτο,</em></strong></span> <span class='ocrx_word' id='word_1_194' title='bbox 1072 2425 1111 2512; x_wconf 78' lang='grc' dir='ltr'>ἢν</span> <span class='ocrx_word' id='word_1_195' title='bbox 1132 2423 1176 2512; x_wconf 79' lang='grc' dir='ltr'>μή</span> <span class='ocrx_word' id='word_1_196' title='bbox 1197 2425 1233 2509; x_wconf 76' lang='grc' dir='ltr'>μέ</span> <span class='ocrx_word' id='word_1_197' title='bbox 1251 2450 1329 2501; x_wconf 90' lang='grc' dir='ltr'><strong><em>τινες</em></strong></span> <span class='ocrx_word' id='word_1_198' title='bbox 1351 2431 1459 2491; x_wconf 70' lang='lat' dir='ltr'>votvm</span> 
     </span>
     <span class='ocr_line' id='line_1_22' title="bbox 317 2524 1419 2621; baseline 0.002 -28"><span class='ocrx_word' id='word_1_199' title='bbox 317 2527 480 2614; x_wconf 82' lang='grc' dir='ltr'><strong><em>ἀρχιερέων</em></strong></span> <span class='ocrx_word' id='word_1_200' title='bbox 501 2526 648 2596; x_wconf 80' lang='grc' dir='ltr'><strong><em>εύόόκσυν</em></strong></span> <span class='ocrx_word' id='word_1_201' title='bbox 669 2530 719 2595; x_wconf 72' lang='lat' dir='ltr'>lut</span> <span class='ocrx_word' id='word_1_202' title='bbox 744 2536 788 2619; x_wconf 76' lang='grc' dir='ltr'><strong><em>τῷ</em></strong></span> <span class='ocrx_word' id='word_1_203' title='bbox 809 2530 933 2621; x_wconf 82' lang='grc' dir='ltr'><strong><em>Βέκκφ,</em></strong></span> <span class='ocrx_word' id='word_1_204' title='bbox 961 2529 1027 2613; x_wconf 79' lang='grc' dir='ltr'><strong><em>ἅμα</em></strong></span> <span class='ocrx_word' id='word_1_205' title='bbox 1045 2532 1102 2613; x_wconf 76' lang='grc' dir='ltr'>μέν</span> <span class='ocrx_word' id='word_1_206' title='bbox 1120 2524 1333 2617; x_wconf 84' lang='grc' dir='ltr'><strong><em>χαρτοφύλακι</em></strong></span> <span class='ocrx_word' id='word_1_207' title='bbox 1349 2526 1419 2595; x_wconf 83' lang='grc' dir='ltr'><strong><em>ἀντι</em></strong></span> 
     </span>
    </p>

    <p class='ocr_par' dir='ltr' id='par_1_6' title="bbox 276 2628 1417 2725">
     <span class='ocr_line' id='line_1_23' title="bbox 276 2628 1417 2725; baseline 0.002 -28"><span class='ocrx_word' id='word_1_208' title='bbox 276 2630 384 2716; x_wconf 78' lang='grc' dir='ltr'><strong><em>υάμα</em></strong></span> <span class='ocrx_word' id='word_1_209' title='bbox 411 2633 446 2698; x_wconf 77' lang='grc' dir='ltr'>δέ</span> <span class='ocrx_word' id='word_1_210' title='bbox 466 2633 518 2698; x_wconf 84' lang='grc' dir='ltr'><strong><em>καλ</em></strong></span> <span class='ocrx_word' id='word_1_211' title='bbox 536 2630 661 2725; x_wconf 76' lang='grc' dir='ltr'><strong><em>μεγόλφ</em></strong></span> <span class='ocrx_word' id='word_1_212' title='bbox 681 2628 905 2720; x_wconf 86' lang='grc' dir='ltr'><strong><em>σκενσφύλακι,</em></strong></span> <span class='ocrx_word' id='word_1_213' title='bbox 941 2636 992 2700; x_wconf 85' lang='grc' dir='ltr'><strong><em>καλ</em></strong></span> <span class='ocrx_word' id='word_1_214' title='bbox 1024 2635 1111 2712; x_wconf 85' lang='grc' dir='ltr'><strong><em>κλέος</em></strong></span> <span class='ocrx_word' id='word_1_215' title='bbox 1134 2632 1232 2718; x_wconf 74' lang='grc' dir='ltr'><strong><em>ἔχοντι</em></strong></span> <span class='ocrx_word' id='word_1_216' title='bbox 1258 2632 1417 2718; x_wconf 75' lang='grc' dir='ltr'><strong><em>μέγιστον.</em></strong></span> 
     </span>
    </p>
   </div>
   <div class='ocr_carea' id='block_1_4' title="bbox 259 2828 1416 4347">
    <p class='ocr_par' dir='ltr' id='par_1_7' title="bbox 259 2828 1416 4347">
     <span class='ocr_line' id='line_1_24' title="bbox 313 2828 1416 2915; baseline 0.001 -31"><span class='ocrx_word' id='word_1_217' title='bbox 313 2832 401 2915; x_wconf 67' lang='lat' dir='ltr'>orbem</span> <span class='ocrx_word' id='word_1_218' title='bbox 416 2829 467 2885; x_wconf 87' lang='lat' dir='ltr'>iam</span> <span class='ocrx_word' id='word_1_219' title='bbox 483 2846 551 2915; x_wconf 73' lang='lat' dir='ltr'>nuuc</span> <span class='ocrx_word' id='word_1_220' title='bbox 564 2828 770 2913; x_wconf 72' lang='lat' dir='ltr'>redentoratio,</span> <span class='ocrx_word' id='word_1_221' title='bbox 787 2848 831 2885; x_wconf 87' lang='lat' dir='ltr'>res</span> <span class='ocrx_word' id='word_1_222' title='bbox 848 2830 916 2885; x_wconf 85' lang='lat' dir='ltr'>unde</span> <span class='ocrx_word' id='word_1_223' title='bbox 932 2834 962 2883; x_wconf 87' lang='lat' dir='ltr'>ot</span> <span class='ocrx_word' id='word_1_224' title='bbox 978 2836 1069 2901; x_wconf 72' lang='lat' dir='ltr'>pestes</span> <span class='ocrx_word' id='word_1_225' title='bbox 1084 2831 1135 2884; x_wconf 85' lang='lat' dir='ltr'>sint</span> <span class='ocrx_word' id='word_1_226' title='bbox 1151 2847 1297 2902; x_wconf 84' lang='lat' dir='ltr'>proponens</span> <span class='ocrx_word' id='word_1_227' title='bbox 1314 2830 1416 2885; x_wconf 85' lang='lat' dir='ltr'>iudica-</span> 
     </span>
     <span class='ocr_line' id='line_1_25' title="bbox 312 2900 1414 3039; baseline -0.003 -17"><span class='ocrx_word' id='word_1_228' title='bbox 312 2912 443 3022; x_wconf 62' lang='lat' dir='ltr'>mmsslllo</span> <span class='ocrx_word' id='word_1_229' title='bbox 458 2900 788 3037; x_wconf 50' lang='lat' dir='ltr'>ilirlrlmlplldlllllsuclnte,</span> <span class='ocrx_word' id='word_1_230' title='bbox 804 2974 835 3021; x_wconf 87' lang='lat' dir='ltr'>ut</span> <span class='ocrx_word' id='word_1_231' title='bbox 852 2968 946 3021; x_wconf 86' lang='lat' dir='ltr'>dietum</span> <span class='ocrx_word' id='word_1_232' title='bbox 964 2974 1018 3033; x_wconf 78' lang='lat' dir='ltr'>est,</span> <span class='ocrx_word' id='word_1_233' title='bbox 1037 2985 1085 3038; x_wconf 88' lang='lat' dir='ltr'>per</span> <span class='ocrx_word' id='word_1_234' title='bbox 1101 2967 1285 3039; x_wconf 71' lang='lat' dir='ltr'>depositionem</span> <span class='ocrx_word' id='word_1_235' title='bbox 1302 2968 1414 3037; x_wconf 81' lang='lat' dir='ltr'>losephi,</span> 
     </span>
     <span class='ocr_line' id='line_1_26' title="bbox 313 3036 1413 3109; baseline -0.002 -18"><span class='ocrx_word' id='word_1_236' title='bbox 313 3036 480 3109; x_wconf 86' lang='lat' dir='ltr'>patriarchali</span> <span class='ocrx_word' id='word_1_237' title='bbox 500 3037 578 3101; x_wconf 85' lang='lat' dir='ltr'>sede,</span> <span class='ocrx_word' id='word_1_238' title='bbox 602 3045 630 3091; x_wconf 83' lang='lat' dir='ltr'>et</span> <span class='ocrx_word' id='word_1_239' title='bbox 654 3037 680 3089; x_wconf 88' lang='lat' dir='ltr'>ei</span> <span class='ocrx_word' id='word_1_240' title='bbox 704 3038 748 3107; x_wconf 87' lang='lat' dir='ltr'>qui</span> <span class='ocrx_word' id='word_1_241' title='bbox 770 3038 919 3091; x_wconf 68' lang='lat' dir='ltr'>succederet</span> <span class='ocrx_word' id='word_1_242' title='bbox 942 3038 968 3089; x_wconf 87' lang='lat' dir='ltr'>iu</span> <span class='ocrx_word' id='word_1_243' title='bbox 995 3037 1034 3091; x_wconf 89' lang='lat' dir='ltr'>sui</span> <span class='ocrx_word' id='word_1_244' title='bbox 1051 3054 1137 3091; x_wconf 88' lang='lat' dir='ltr'>curem</span> <span class='ocrx_word' id='word_1_245' title='bbox 1155 3038 1264 3091; x_wconf 75' lang='lat' dir='ltr'>ecclesie</span> <span class='ocrx_word' id='word_1_246' title='bbox 1281 3043 1413 3107; x_wconf 81' lang='lat' dir='ltr'>poscente,</span> 
     </span>
     <span class='ocr_line' id='line_1_27' title="bbox 313 3104 1413 3176; baseline 0.001 -19"><span class='ocrx_word' id='word_1_247' title='bbox 313 3106 386 3159; x_wconf 87' lang='lat' dir='ltr'>multi</span> <span class='ocrx_word' id='word_1_248' title='bbox 402 3104 502 3176; x_wconf 84' lang='lat' dir='ltr'>quldem</span> <span class='ocrx_word' id='word_1_249' title='bbox 518 3106 605 3159; x_wconf 88' lang='lat' dir='ltr'>idonei</span> <span class='ocrx_word' id='word_1_250' title='bbox 621 3106 654 3160; x_wconf 86' lang='lat' dir='ltr'>ed</span> <span class='ocrx_word' id='word_1_251' title='bbox 673 3107 721 3158; x_wconf 88' lang='lat' dir='ltr'>hoc</span> <span class='ocrx_word' id='word_1_252' title='bbox 737 3105 787 3158; x_wconf 82' lang='lat' dir='ltr'>visi</span> <span class='ocrx_word' id='word_1_253' title='bbox 806 3106 1021 3176; x_wconf 71' lang='lat' dir='ltr'>designabantur,</span> <span class='ocrx_word' id='word_1_254' title='bbox 1037 3106 1288 3175; x_wconf 70' lang='lat' dir='ltr'>praemonentis,</span> <span class='ocrx_word' id='word_1_255' title='bbox 1310 3122 1363 3174; x_wconf 90' lang='lat' dir='ltr'>qua</span> <span class='ocrx_word' id='word_1_256' title='bbox 1379 3124 1413 3158; x_wconf 86' lang='lat' dir='ltr'>ex</span> 
     </span>
     <span class='ocr_line' id='line_1_28' title="bbox 313 3172 1414 3245; baseline 0 -18"><span class='ocrx_word' id='word_1_257' title='bbox 313 3172 420 3227; x_wconf 85' lang='lat' dir='ltr'>alterius</span> <span class='ocrx_word' id='word_1_258' title='bbox 435 3173 549 3226; x_wconf 88' lang='lat' dir='ltr'>instituti</span> <span class='ocrx_word' id='word_1_259' title='bbox 565 3175 749 3229; x_wconf 73' lang='lat' dir='ltr'>sacerdotibus.</span> <span class='ocrx_word' id='word_1_260' title='bbox 803 3174 894 3228; x_wconf 79' lang='lat' dir='ltr'>terium</span> <span class='ocrx_word' id='word_1_261' title='bbox 908 3184 992 3229; x_wconf 85' lang='lat' dir='ltr'>tamen</span> <span class='ocrx_word' id='word_1_262' title='bbox 1008 3174 1035 3226; x_wconf 92' lang='lat' dir='ltr'>in</span> <span class='ocrx_word' id='word_1_263' title='bbox 1052 3175 1195 3244; x_wconf 83' lang='lat' dir='ltr'>Principem</span> <span class='ocrx_word' id='word_1_264' title='bbox 1211 3174 1336 3242; x_wconf 80' lang='lat' dir='ltr'>suffragia</span> <span class='ocrx_word' id='word_1_265' title='bbox 1350 3192 1414 3245; x_wconf 90' lang='lat' dir='ltr'>prc-</span> 
     </span>
     <span class='ocr_line' id='line_1_29' title="bbox 331 3192 1413 3325; baseline 0.003 -32"><span class='ocrx_word' id='word_1_266' title='bbox 331 3241 466 3294; x_wconf 86' lang='lat' dir='ltr'>endebeut.</span> <span class='ocrx_word' id='word_1_267' title='bbox 501 3248 559 3294; x_wconf 85' lang='lat' dir='ltr'>erat</span> <span class='ocrx_word' id='word_1_268' title='bbox 574 3244 597 3295; x_wconf 91' lang='lat' dir='ltr'>is</span> <span class='ocrx_word' id='word_1_269' title='bbox 612 3261 708 3325; x_wconf 71' lang='lat' dir='ltr'>penore</span> <span class='ocrx_word' id='word_1_270' title='bbox 724 3192 913 3311; x_wconf 85' lang='lat' dir='ltr'>nobilissimus,</span> <span class='ocrx_word' id='word_1_271' title='bbox 930 3262 945 3296; x_wconf 90' lang='lat' dir='ltr'>e</span> <span class='ocrx_word' id='word_1_272' title='bbox 962 3243 1045 3296; x_wconf 80' lang='lat' dir='ltr'>veteri</span> <span class='ocrx_word' id='word_1_273' title='bbox 1061 3246 1181 3314; x_wconf 81' lang='lat' dir='ltr'>prosapie</span> <span class='ocrx_word' id='word_1_274' title='bbox 1197 3242 1343 3312; x_wconf 86' lang='lat' dir='ltr'>Principum</span> <span class='ocrx_word' id='word_1_275' title='bbox 1360 3244 1413 3296; x_wconf 84' lang='lat' dir='ltr'>Pe·</span> 
     </span>
     <span class='ocr_line' id='line_1_30' title="bbox 311 3260 1412 3449; baseline 0 -18"><span class='ocrx_word' id='word_1_276' title='bbox 311 3260 1314 3449; x_wconf 57' lang='lat' dir='ltr'>lumrmulu{structurusinterluunt:</span> <span class='ocrx_word' id='word_1_277' title='bbox 1330 3312 1412 3449; x_wconf 68' lang='lat' dir='ltr'>„ui</span> 
     </span>
     <span class='ocr_line' id='line_1_31' title="bbox 310 3420 1413 3517; baseline 0.002 -17"><span class='ocrx_word' id='word_1_278' title='bbox 310 3448 355 3501; x_wconf 87' lang='lat' dir='ltr'>ubi</span> <span class='ocrx_word' id='word_1_279' title='bbox 379 3450 407 3499; x_wconf 85' lang='lat' dir='ltr'>et</span> <span class='ocrx_word' id='word_1_280' title='bbox 431 3445 635 3515; x_wconf 84' lang='lat' dir='ltr'>expatriarchsm</span> <span class='ocrx_word' id='word_1_281' title='bbox 660 3451 817 3505; x_wconf 72' lang='lat' dir='ltr'>Germanum</span> <span class='ocrx_word' id='word_1_282' title='bbox 840 3451 1003 3504; x_wconf 86' lang='lat' dir='ltr'>monasticam</span> <span class='ocrx_word' id='word_1_283' title='bbox 1023 3452 1169 3503; x_wconf 83' lang='lat' dir='ltr'>exercuisse</span> <span class='ocrx_word' id='word_1_284' title='bbox 1188 3451 1267 3503; x_wconf 79' lang='lat' dir='ltr'>vitam</span> <span class='ocrx_word' id='word_1_285' title='bbox 1290 3420 1413 3517; x_wconf 66' lang='lat' dir='ltr'>diximus:</span> 
     </span>
     <span class='ocr_line' id='line_1_32' title="bbox 310 3514 1411 3589; baseline 0.001 -20"><span class='ocrx_word' id='word_1_286' title='bbox 310 3534 342 3570; x_wconf 87' lang='lat' dir='ltr'>eo</span> <span class='ocrx_word' id='word_1_287' title='bbox 368 3530 426 3569; x_wconf 81' lang='lat' dir='ltr'>sesa</span> <span class='ocrx_word' id='word_1_288' title='bbox 449 3514 562 3568; x_wconf 89' lang='lat' dir='ltr'>inclusit.</span> <span class='ocrx_word' id='word_1_289' title='bbox 596 3517 656 3571; x_wconf 86' lang='lat' dir='ltr'>inde</span> <span class='ocrx_word' id='word_1_290' title='bbox 682 3519 760 3571; x_wconf 90' lang='lat' dir='ltr'>multo</span> <span class='ocrx_word' id='word_1_291' title='bbox 786 3526 845 3589; x_wconf 91' lang='lat' dir='ltr'>post</span> <span class='ocrx_word' id='word_1_292' title='bbox 867 3526 982 3587; x_wconf 87' lang='lat' dir='ltr'>tempore</span> <span class='ocrx_word' id='word_1_293' title='bbox 1007 3518 1040 3571; x_wconf 86' lang='lat' dir='ltr'>ad</span> <span class='ocrx_word' id='word_1_294' title='bbox 1065 3518 1245 3589; x_wconf 83' lang='lat' dir='ltr'>imperatorem</span> <span class='ocrx_word' id='word_1_295' title='bbox 1274 3518 1411 3577; x_wconf 78' lang='lat' dir='ltr'>accedens.</span> 
     </span>
     <span class='ocr_line' id='line_1_33' title="bbox 309 3584 1411 3655; baseline 0 -17"><span class='ocrx_word' id='word_1_296' title='bbox 309 3586 441 3638; x_wconf 72' lang='lat' dir='ltr'>mantuo</span> <span class='ocrx_word' id='word_1_297' title='bbox 462 3584 511 3637; x_wconf 89' lang='lat' dir='ltr'>sibi</span> <span class='ocrx_word' id='word_1_298' title='bbox 526 3584 716 3639; x_wconf 85' lang='lat' dir='ltr'>Paotocrstoris</span> <span class='ocrx_word' id='word_1_299' title='bbox 740 3588 894 3641; x_wconf 81' lang='lat' dir='ltr'>monesterio&#39;</span> <span class='ocrx_word' id='word_1_300' title='bbox 910 3586 1122 3641; x_wconf 79' lang='lat' dir='ltr'>archimandritae</span> <span class='ocrx_word' id='word_1_301' title='bbox 1157 3594 1269 3641; x_wconf 87' lang='lat' dir='ltr'>otestete</span> <span class='ocrx_word' id='word_1_302' title='bbox 1285 3588 1411 3655; x_wconf 80' lang='lat' dir='ltr'>preeluit,</span> 
     </span>
     <span class='ocr_line' id='line_1_34' title="bbox 259 3651 1412 3725; baseline 0.002 -18"><span class='ocrx_word' id='word_1_303' title='bbox 259 3694 275 3707; x_wconf 88' lang='lat'><em>.</em></span> <span class='ocrx_word' id='word_1_304' title='bbox 309 3653 401 3707; x_wconf 85' lang='lat' dir='ltr'>deinde</span> <span class='ocrx_word' id='word_1_305' title='bbox 424 3651 553 3722; x_wconf 71' lang='lat' dir='ltr'>legatione</span> <span class='ocrx_word' id='word_1_306' title='bbox 576 3657 679 3709; x_wconf 72' lang='lat' dir='ltr'>soncos</span> <span class='ocrx_word' id='word_1_307' title='bbox 702 3655 736 3708; x_wconf 88' lang='lat' dir='ltr'>ed</span> <span class='ocrx_word' id='word_1_308' title='bbox 754 3656 900 3709; x_wconf 87' lang='lat' dir='ltr'>Orientales</span> <span class='ocrx_word' id='word_1_309' title='bbox 917 3656 1064 3725; x_wconf 87' lang='lat' dir='ltr'>Tocharos,</span> <span class='ocrx_word' id='word_1_310' title='bbox 1090 3665 1117 3709; x_wconf 91' lang='lat' dir='ltr'>et</span> <span class='ocrx_word' id='word_1_311' title='bbox 1170 3658 1224 3711; x_wconf 89' lang='lat' dir='ltr'>erie</span> <span class='ocrx_word' id='word_1_312' title='bbox 1247 3656 1412 3725; x_wconf 85' lang='lat' dir='ltr'>imperatoris</span> 
     </span>
     <span class='ocr_line' id='line_1_35' title="bbox 309 3721 1411 3796; baseline 0.004 -21"><span class='ocrx_word' id='word_1_313' title='bbox 309 3722 363 3776; x_wconf 83' lang='lat' dir='ltr'>filie</span> <span class='ocrx_word' id='word_1_314' title='bbox 378 3722 458 3775; x_wconf 83' lang='lat' dir='ltr'>nothe</span> <span class='ocrx_word' id='word_1_315' title='bbox 473 3721 501 3773; x_wconf 87' lang='lat' dir='ltr'>in</span> <span class='ocrx_word' id='word_1_316' title='bbox 518 3740 635 3791; x_wconf 85' lang='lat' dir='ltr'>sponsam</span> <span class='ocrx_word' id='word_1_317' title='bbox 655 3742 686 3777; x_wconf 86' lang='lat' dir='ltr'>eo</span> <span class='ocrx_word' id='word_1_318' title='bbox 703 3725 780 3777; x_wconf 91' lang='lat' dir='ltr'>ducta</span> <span class='ocrx_word' id='word_1_319' title='bbox 803 3724 987 3795; x_wconf 85' lang='lat' dir='ltr'>coniunctaque</span> <span class='ocrx_word' id='word_1_320' title='bbox 1003 3727 1124 3796; x_wconf 73' lang='lat' dir='ltr'>dpegae‚</span> <span class='ocrx_word' id='word_1_321' title='bbox 1150 3743 1269 3779; x_wconf 84' lang='lat' dir='ltr'>reversus</span> <span class='ocrx_word' id='word_1_322' title='bbox 1291 3726 1319 3778; x_wconf 93' lang='lat' dir='ltr'>in</span> <span class='ocrx_word' id='word_1_323' title='bbox 1343 3744 1411 3795; x_wconf 88' lang='lat' dir='ltr'>qua-</span> 
     </span>
     <span class='ocr_line' id='line_1_36' title="bbox 309 3790 1412 3864; baseline 0.005 -21"><span class='ocrx_word' id='word_1_324' title='bbox 309 3792 367 3844; x_wconf 81' lang='lat' dir='ltr'>dem</span> <span class='ocrx_word' id='word_1_325' title='bbox 385 3790 476 3844; x_wconf 87' lang='lat' dir='ltr'>cellola</span> <span class='ocrx_word' id='word_1_326' title='bbox 491 3791 639 3845; x_wconf 86' lang='lat' dir='ltr'>monosterii</span> <span class='ocrx_word' id='word_1_327' title='bbox 654 3792 818 3861; x_wconf 78' lang='lat' dir='ltr'>Hodegorum</span> <span class='ocrx_word' id='word_1_328' title='bbox 839 3794 992 3863; x_wconf 80' lang='lat' dir='ltr'>tranquillae</span> <span class='ocrx_word' id='word_1_329' title='bbox 1015 3794 1083 3847; x_wconf 83' lang='lat' dir='ltr'>vites</span> <span class='ocrx_word' id='word_1_330' title='bbox 1101 3813 1131 3847; x_wconf 93' lang='lat' dir='ltr'>ec</span> <span class='ocrx_word' id='word_1_331' title='bbox 1149 3794 1355 3864; x_wconf 86' lang='lat' dir='ltr'>contemplationi</span> <span class='ocrx_word' id='word_1_332' title='bbox 1379 3812 1412 3848; x_wconf 84' lang='lat' dir='ltr'>ae</span> 
     </span>
     <span class='ocr_line' id='line_1_37' title="bbox 308 3858 1410 3932; baseline 0.004 -21"><span class='ocrx_word' id='word_1_333' title='bbox 308 3858 428 3915; x_wconf 89' lang='lat' dir='ltr'>reddidit.</span> <span class='ocrx_word' id='word_1_334' title='bbox 461 3858 584 3913; x_wconf 72' lang='lat' dir='ltr'>insecutis</span> <span class='ocrx_word' id='word_1_335' title='bbox 605 3862 763 3931; x_wconf 85' lang='lat' dir='ltr'>temporibus</span> <span class='ocrx_word' id='word_1_336' title='bbox 780 3863 882 3915; x_wconf 83' lang='lat' dir='ltr'>vacanti</span> <span class='ocrx_word' id='word_1_337' title='bbox 897 3869 1002 3932; x_wconf 84' lang='lat' dir='ltr'>pastore</span> <span class='ocrx_word' id='word_1_338' title='bbox 1022 3863 1192 3917; x_wconf 73' lang='lat' dir='ltr'>Antiochense</span> <span class='ocrx_word' id='word_1_339' title='bbox 1217 3863 1344 3916; x_wconf 73' lang='lat' dir='ltr'>ecclesiae</span> <span class='ocrx_word' id='word_1_340' title='bbox 1359 3880 1410 3932; x_wconf 86' lang='lat' dir='ltr'>pe-</span> 
     </span>
     <span class='ocr_line' id='line_1_38' title="bbox 308 3927 1411 4003; baseline 0.005 -24"><span class='ocrx_word' id='word_1_341' title='bbox 308 3927 423 3981; x_wconf 80' lang='lat' dir='ltr'>triarclsa</span> <span class='ocrx_word' id='word_1_342' title='bbox 445 3933 486 3982; x_wconf 87' lang='lat' dir='ltr'>est</span> <span class='ocrx_word' id='word_1_343' title='bbox 509 3930 681 3998; x_wconf 88' lang='lat' dir='ltr'>praepositos.</span> <span class='ocrx_word' id='word_1_344' title='bbox 717 3931 784 3983; x_wconf 85' lang='lat' dir='ltr'>huno</span> <span class='ocrx_word' id='word_1_345' title='bbox 809 3940 862 3984; x_wconf 92' lang='lat' dir='ltr'>tum</span> <span class='ocrx_word' id='word_1_346' title='bbox 886 3933 954 4001; x_wconf 86' lang='lat' dir='ltr'>apud</span> <span class='ocrx_word' id='word_1_347' title='bbox 971 3949 1000 3984; x_wconf 88' lang='lat' dir='ltr'>se</span> <span class='ocrx_word' id='word_1_348' title='bbox 1018 3940 1134 3999; x_wconf 75' lang='lat' dir='ltr'>agentem</span> <span class='ocrx_word' id='word_1_349' title='bbox 1153 3932 1340 4003; x_wconf 87' lang='lat' dir='ltr'>tranquilleque</span> <span class='ocrx_word' id='word_1_350' title='bbox 1363 3948 1411 3985; x_wconf 87' lang='lat' dir='ltr'>re-</span> 
     </span>
     <span class='ocr_line' id='line_1_39' title="bbox 309 3993 1410 4069; baseline 0.009 -24"><span class='ocrx_word' id='word_1_351' title='bbox 309 3993 398 4061; x_wconf 77' lang='lat' dir='ltr'>ligioni</span> <span class='ocrx_word' id='word_1_352' title='bbox 414 4004 562 4067; x_wconf 86' lang='lat' dir='ltr'>operantem</span> <span class='ocrx_word' id='word_1_353' title='bbox 578 3998 700 4067; x_wconf 83' lang='lat' dir='ltr'>plurium,</span> <span class='ocrx_word' id='word_1_354' title='bbox 724 4007 755 4052; x_wconf 90' lang='lat' dir='ltr'>ut</span> <span class='ocrx_word' id='word_1_355' title='bbox 771 3999 840 4066; x_wconf 85' lang='lat' dir='ltr'>dixi,</span> <span class='ocrx_word' id='word_1_356' title='bbox 865 4000 953 4054; x_wconf 86' lang='lat' dir='ltr'>calculi</span> <span class='ocrx_word' id='word_1_357' title='bbox 971 4002 1003 4053; x_wconf 91' lang='lat' dir='ltr'>ed</span> <span class='ocrx_word' id='word_1_358' title='bbox 1022 3996 1319 4069; x_wconf 77' lang='lat' dir='ltr'>Cerretantinopolitansc</span> <span class='ocrx_word' id='word_1_359' title='bbox 1335 4000 1410 4055; x_wconf 85' lang='lat' dir='ltr'>sedis</span> 
     </span>
     <span class='ocr_line' id='line_1_40' title="bbox 310 4062 1408 4139; baseline 0.008 -27"><span class='ocrx_word' id='word_1_360' title='bbox 310 4062 422 4129; x_wconf 75' lang='lat' dir='ltr'>regimen</span> <span class='ocrx_word' id='word_1_361' title='bbox 443 4068 579 4119; x_wconf 83' lang='lat' dir='ltr'>vocabant.</span> <span class='ocrx_word' id='word_1_362' title='bbox 613 4066 831 4137; x_wconf 81' lang='lat' dir='ltr'>pervicissentque</span> <span class='ocrx_word' id='word_1_363' title='bbox 855 4069 923 4138; x_wconf 87' lang='lat' dir='ltr'>quod</span> <span class='ocrx_word' id='word_1_364' title='bbox 944 4069 1082 4133; x_wconf 76' lang='lat' dir='ltr'>volebant,</span> <span class='ocrx_word' id='word_1_365' title='bbox 1105 4070 1220 4124; x_wconf 90' lang='lat' dir='ltr'>nisinen</span> <span class='ocrx_word' id='word_1_366' title='bbox 1239 4086 1318 4139; x_wconf 86' lang='lat' dir='ltr'>perro</span> <span class='ocrx_word' id='word_1_367' title='bbox 1336 4070 1408 4122; x_wconf 87' lang='lat' dir='ltr'>snti-</span> 
     </span>
     <span class='ocr_line' id='line_1_41' title="bbox 311 4130 1410 4217; baseline 0.01 -37"><span class='ocrx_word' id='word_1_368' title='bbox 311 4130 398 4183; x_wconf 79' lang='lat' dir='ltr'>somn</span> <span class='ocrx_word' id='word_1_369' title='bbox 415 4150 519 4187; x_wconf 85' lang='lat' dir='ltr'>numero</span> <span class='ocrx_word' id='word_1_370' title='bbox 533 4134 618 4217; x_wconf 87' lang='lat' dir='ltr'>potior</span> <span class='ocrx_word' id='word_1_371' title='bbox 635 4135 667 4189; x_wconf 87' lang='lat' dir='ltr'>ad</span> <span class='ocrx_word' id='word_1_372' title='bbox 685 4152 740 4189; x_wconf 87' lang='lat' dir='ltr'>cam</span> <span class='ocrx_word' id='word_1_373' title='bbox 757 4154 810 4189; x_wconf 91' lang='lat' dir='ltr'>rem</span> <span class='ocrx_word' id='word_1_374' title='bbox 829 4138 927 4191; x_wconf 83' lang='lat' dir='ltr'>Vaccus</span> <span class='ocrx_word' id='word_1_375' title='bbox 945 4139 1037 4191; x_wconf 84' lang='lat' dir='ltr'>luisset</span> <span class='ocrx_word' id='word_1_376' title='bbox 1051 4139 1138 4201; x_wconf 82' lang='lat' dir='ltr'>visus,</span> <span class='ocrx_word' id='word_1_377' title='bbox 1161 4140 1205 4209; x_wconf 88' lang='lat' dir='ltr'>qui</span> <span class='ocrx_word' id='word_1_378' title='bbox 1223 4136 1293 4191; x_wconf 87' lang='lat' dir='ltr'>etin</span> <span class='ocrx_word' id='word_1_379' title='bbox 1311 4138 1410 4191; x_wconf 80' lang='lat' dir='ltr'>officiis</span> 
     </span>
     <span class='ocr_line' id='line_1_42' title="bbox 308 4200 1410 4347; baseline 0.013 -30"><span class='ocrx_word' id='word_1_380' title='bbox 308 4200 1410 4347; x_wconf 47' lang='lat' dir='ltr'>lttffllillittniffittl&#39;ffltttltntill:illiditur</span> 
     </span>
     <span class='ocr_line' id='line_1_43' title="bbox 1039 4296 1409 4342; baseline 0.003 -11"><span class='ocrx_word' id='word_1_381' title='bbox 1039 4296 1054 4331; x_wconf 71' lang='grc' dir='ltr'><strong><em>θ</em></strong></span> <span class='ocrx_word' id='word_1_382' title='bbox 1072 4313 1082 4342; x_wconf 66' lang='lat'><em>2</em></span> <span class='ocrx_word' id='word_1_383' title='bbox 1397 4302 1409 4315; x_wconf 81' lang='grc'><em>“</em></span> 
     </span>
    </p>
   </div>
   <div class='ocr_carea' id='block_1_5' title="bbox 0 0 1568 4900">
    <p class='ocr_par' dir='ltr' id='par_1_8' title="bbox 0 0 1568 4900">
     <span class='ocr_line' id='line_1_44' title="bbox 0 0 1568 4900; baseline 0 4"><span class='ocrx_word' id='word_1_384' title='bbox 0 0 1568 4900; x_wconf 95' lang='lat' dir='ltr'> </span> 
     </span>
    </p>
   </div>
  </div>
 </body>
</html>
