3125 4900
373 345 431 411 DE
449 344 658 413 mensum
683 344 966 413 PALAEOLOGO
992 348 1028 416 L.
1053 345 1094 418 11.
1222 346 1271 415 95

170 504 323 607 γίνονται,
351 520 407 584 ναί
423 516 534 602 σχεδον
545 513 674 593 πάντες·
699 515 785 599 ὅμως
798 514 829 583 d'
846 518 997 600 ἐμπεδοῦν
1009 526 1076 594 τοῖς
1090 514 1275 606 φρικώδεσιν

170 623 292 708 ὅρκοις,
333 620 443 706 ἀραῖον
463 621 541 703 ἔχειν
561 618 639 707 lurp
661 622 797 706 θατίρου
822 618 956 707 θάτερον
976 626 1034 687 τοῦ
1057 617 1103 705 μή
1125 646 1153 686 τι
1176 622 1275 689 δεινὸν

169 723 408 809 βουλεύσασθαι
429 723 503 791 κατ’
519 720 660 808 ἀλλήλων
673 724 746 801 τούς
757 710 923 803 βασιλίας,
952 731 1015 789 τῶν
1029 722 1155 803 εἰκότων
1171 722 1274 808 ίνίμι-

172 856 243 895 σαν.
297 827 362 917 (2)
388 825 518 910 ἑτοίμοις
541 827 574 891 d’
602 824 743 914 ἀφῄρουν
763 831 815 893 καί
835 827 871 895 τὸ
893 831 1005 893 δοκοῦν
1019 839 1083 905 τοῖς
1097 829 1273 912 πραττομί-
1290 840 1313 895 Ρ
1329 844 1368 896 60

144 949 240 1008 senec
259 933 492 1017 προσίστασθαι
516 930 616 1017 ἐρίσει
638 937 694 996 τοῦ
712 938 813 995 ταῦτα
832 932 985 1015 γενέσθαι.
1038 928 1079 1007 ὥς
1098 931 1156 1016 γὰρ
1178 932 1211 997 αἲ
1224 958 1276 1018 yr-

170 1046 292 1123 yuruins
314 1038 478 1101 συνθεσίαι
502 1040 558 1099 τοῦ
576 1032 795 1118 Παλαιολόγου
817 1034 894 1119 πρὸς
907 1034 962 1099 τὸν
975 1031 1100 1099 τιτίιτττον
1114 1042 1169 1099 τοῦ
1182 1044 1276 1117 βασι-

173 1140 251 1215 λίιος
273 1142 323 1204 καί
345 1131 386 1202 αἶ’
398 1137 441 1203 δι’
467 1137 651 1225 ἂφορισμιῖιν
672 1134 875 1219 ἓμαειίιόσεις,
901 1130 922 1221 ἦ
941 1134 1004 1219 μὴν
1023 1134 1067 1221 μή
1084 1162 1113 1203 τι
1127 1139 1206 1203 κατὰ
1220 1145 1275 1205 τοῦ

171 1243 279 1328 γένους
307 1248 364 1307 τοῦ
393 1244 551 1323 βασιλείου
571 1239 807 1323 βουλεύσασθαι
814 1290 825 1319 ,
856 1238 942 1325 παριί
966 1264 1029 1305 τιον
1047 1243 1273 1327 προυτείνουτο,

174 1343 219 1421 ὥς
237 1343 323 1412 ἱστὸν
341 1342 478 1431 αἰριίχνης
500 1342 517 1411 ὃ
537 1352 599 1409 τῶν
611 1343 775 1431 ιίρχιερίιον
789 1341 939 1430 σύλλογος
951 1342 1009 1419 τὰς
1022 1340 1185 1429 συνθήκας
1201 1345 1276 1410 ίκιί-

130 1468 231 1525 ιονας
254 1448 384 1514 διίλυον.
435 1448 480 1530 μὴ
500 1447 560 1535 γὰρ
582 1445 657 1513 είναι
672 1447 709 1513 τὸ
723 1455 863 1513 τοιοῦτον
886 1447 966 1513 κατὰ
982 1453 1037 1513 τοῦ
1052 1444 1314 1530 βασιλεύοντοςΒ

172 1550 319 1617 κάκιστον
334 1547 511 1634 βούλευμα,
543 1550 623 1617 ἀλλὰ
642 1558 761 1634 μᾶλλον
783 1555 943 1636 συνεργίαν
965 1557 1021 1635 τῆς
1040 1555 1200 1632 βασιλείας
1223 1555 1274 1617 ιιαί

173 1652 361 1740 συντήρησιν
384 1652 569 1739 ἇίιιίίοχον,
592 1654 671 1721 κατὰ
687 1633 795 1741 καιρθν
811 1654 1033 1741 συναιρομίνου
1049 1660 1106 1737 τῆς
1119 1654 1217 1740 ἀρχῆς
1228 1662 1274 1745 τῷ
1314 1660 1318 1677 ’

173 1757 233 1846 νίῳ
248 1766 304 1840 τῆς
315 1760 467 1841 βοηθείας
480 1754 632 1845 χρῄζοντι.
684 1759 742 1834 τὰς
753 1757 938 1825 τούντεῦθεν
952 1759 985 1824 δι’
999 1763 1063 1823 τῶν
1081 1755 1180 1843 ὅρκων
1193 1782 1277 1839 συμ-

169 1858 280 1944 βάσεις
296 1862 344 1924 ἐντί
359 1867 510 1925 τοσοῦτον
522 1862 558 1924 τὸ
577 1861 703 1945 ίσχυρόν
722 1861 798 1941 ἔχειν
813 1864 863 1924 καί
879 1858 1046 1926 ἀδιάλυτον
1062 1856 1140 1925 ὥστε
1155 1862 1207 1924 καί
1220 1860 1277 1936 τὰς

130 1964 330 2049 16προτίρας
345 1972 480 2025 συνεῖναι
498 1959 643 2039 ταύταις,
666 1959 708 2035 ὡς
722 1965 772 2025 καὶ
789 1961 977 2048 ἀμφοτίραις
990 1962 1046 2027 τὸν
1059 1960 1277 2048 Παλαιολὸγον

169 2067 355 2148 trigenum,
382 2062 415 2128 εί
428 2088 481 2127 ποι
495 2068 541 2151 τῷ
554 2061 612 2150 νίρι
629 2060 830 2143 ίαιβουλείοι.
882 2063 917 2128 οὐ
932 2063 996 2147 μὴν
1009 2066 1043 2128 δὲ
1059 2063 1137 2129 ἀλλὰ
1153 2066 1203 2128 καί
1222 2065 1278 2130 ἇν-

168 2162 352 2256 τιστρόφωῖ
375 2162 471 2249 ἐζήτει
491 2166 547 2251 τὴν
567 2163 649 2254 datr
669 2168 819 2231 τίθεσθαι
838 2168 889 2230 καί
910 2165 984 2243 τούς
1000 2163 1112 2254 ὅρκους
1123 2170 1273 2253 γίνεσθαι,
1293 2190 1316 2245 c

172 2409 227 2458 tum
251 2406 308 2468 est,
335 2407 366 2456 ut
388 2402 463 2456 ambo
487 2400 618 2473 principes
642 2399 790 2456 iuramentis
811 2414 886 2472 qnam
910 2398 1019 2454 maximo
1043 2400 1189 2468 borreudls,
1216 2402 1277 2458 diris

174 2475 253 2528 etlam
276 2471 464 2529 execrabilibus
489 2471 600 2537 additis,
620 2473 797 2541 obligarentur
812 2472 845 2526 ad
863 2471 940 2523 fidem
959 2471 1067 2525 uaricem
1092 2474 1281 2544 caritatemque

173 2542 355 2613 praestandam
378 2541 606 2610 abstinendumque
630 2560 646 2594 a
670 2543 696 2594 ri
721 2541 787 2595 omui
810 2558 842 2595 au
865 2540 972 2607 fraude,
999 2542 1110 2612 quaein
1128 2543 1275 2597 alterutrius

239 2611 311 2664 'ciem
328 2610 454 2664 tenderet.
491 2612 545 2679 (2)
568 2611 618 2663 istu
635 2624 713 2681 porro
730 2611 773 2663 vel
789 2609 922 2663 occasione
940 2613 982 2664 vel
1000 2618 1136 2682 praetextu
1154 2629 1277 2667 nouorum

173 2689 371 2734 tutamentum
394 2679 472 2733 facile
494 2680 561 2732 sacri
586 2680 717 2733 antistites
734 2679 897 2743 relaxarunt,
921 2680 989 2749 quud
1007 2681 1111 2733 adrem
1129 2699 1196 2750 quau
1214 2699 1276 2749 age·

173 2750 252 2802 batur
268 2765 394 2820 quamque
409 2749 516 2801 multum
532 2751 659 2818 optabant
674 2749 815 2818 putabatur
830 2749 1019 2815 necessarium,
1037 2750 1161 2818 siquidem
1178 2767 1210 2801 ne
1227 2768 1277 2801 nuo

173 2835 233 2870 rum
249 2819 419 2872 iuramentum
436 2817 486 2869 rite
502 2835 518 2871 a
536 2817 688 2884 Palaeologu
706 2819 894 2882 conciperetur,
918 2817 1053 2870 videbatur
1070 2819 1176 2871 obstare
1193 2818 1275 2870 adhuc

173 2887 265 2956 vigens
281 2887 372 2955 religio
390 2887 488 2938 veteris
499 2885 680 2948 iurisiurandi,
698 2903 749 2956 quo
764 2886 809 2940 ille
826 2901 875 2937 aru
893 2885 964 2954 pueri
983 2886 1106 2954 principis
1123 2885 1215 2938 dudum
1233 2903 1277 2938 ss-

174 2963 304 3009 maenaa
324 2957 401 3009 iidem
420 2956 570 3018 addixerat,
594 2972 644 3008 nun
665 2955 691 3007 in
715 2953 796 3024 ipsius
818 2955 991 3008 tantummodo
1012 2971 1160 3023 personam,
1187 2952 1276 3008 sedin

174 3025 284 3093 stirpen
299 3025 408 3078 eiusdem
425 3042 457 3078 ac
474 3029 608 3093 posterus,
632 3023 725 3078 additis
743 3024 819 3077 αβουτ
838 3023 1042 3086 anathematum,
1059 3022 1081 3074 si
1098 3023 1215 3090 falleret,
1233 3024 1275 3075 in-

174 3094 356 3146 curreudorum
379 3093 557 3147 devotionibus
579 3111 611 3146 ac
633 3093 702 3147 diris.
738 3111 805 3163 quae
828 3109 896 3145 nunu
919 3091 1001 3144 omnia
1024 3097 1112 3144 coetus
1129 3093 1274 3162 praesulum

175 3169 208 3216 ut
231 3162 297 3215 telas
320 3179 471 3215 aranearum
493 3161 604 3233 disrupit
626 3178 657 3215 ac
679 3163 744 3216 lecit
764 3163 851 3224 irrita,
881 3177 972 3228 magno
989 3177 1112 3212 consensu
1129 3163 1273 3232 declarans,

175 3231 248 3302 quod
265 3229 322 3283 fieri
338 3230 513 3301 Palaeolugnm
532 3231 676 3300 contigerat
686 3232 838 3302 participem
854 3229 963 3300 imperii,
981 3245 1138 3300 nequaquam
1155 3249 1212 3285 esse
1229 3251 1275 3284 ne-

174 3300 267 3353 farium
286 3309 314 3352 et
330 3301 390 3353 lidei
404 3301 507 3354 iuratae
522 3301 675 3353 contrarium
690 3302 804 3364 lacinus,
822 3301 867 3353 sed
885 3299 971 3352 utilem
988 3299 1143 3368 reipublicae
1160 3303 1276 3356 collatio-

175 3369 683 3509 lzl.tl‘:;:0lrll⁰⁰ll¹lf:ln“
698 3369 1092 3508 ttet'llllifflalllll‘ll
1104 3371 1276 3510 {llll'sl

441 3477 450 3503 ⁹
464 3495 473 3514 Ι

176 3508 291 3561 oessione
308 3508 536 3572 transmittendam
553 3526 620 3576 quae
637 3525 665 3561 sa
676 3509 759 3562 utaris
775 3515 828 3561 tum
846 3508 886 3562 rei
903 3509 1032 3561 Romanae
1050 3511 1197 3580 cooperatio
1214 3525 1276 3577 per-

177 3586 322 3660 opportuna
345 3585 373 3630 et
395 3577 540 3630 necessaria
560 3577 721 3631 indicabatur
743 3578 886 3631 imbecillae
902 3594 933 3632 ac
950 3579 996 3630 tali
1013 3578 1105 3630 arixilio
1123 3577 1209 3646 egenti
1227 3593 1277 3646 pu-

176 3646 231 3715 pulli
248 3645 372 3717 principis
390 3647 524 3715 pueritiae.
546 3645 634 3718 itaque
649 3647 712 3700 nibil
728 3648 848 3700 obstante
865 3647 957 3717 primia
974 3646 1128 3699 sacramenti
1145 3645 1277 3711 religione,

176 3731 267 3770 uorum
300 3716 471 3768 iuramentum
503 3722 588 3768 ratum
615 3719 672 3769 lore
698 3717 918 3786 inviolabilemque
946 3716 1093 3768 limnitatem
1121 3714 1275 3777 habiturum,

177 3783 272 3854 quippo
288 3801 344 3837 cum
361 3794 454 3838 neutra
472 3785 604 3838 conventio
620 3783 757 3866 quidquam
774 3786 850 3838 alteri
868 3784 1022 3837 contrarium
1040 3783 1150 3846 babeat,
1178 3782 1277 3851 quomi-

176 3869 225 3904 nus
248 3855 340 3907 ambso
362 3854 448 3907 valere
471 3854 545 3906 simul
569 3861 685 3922 pusnutp
709 3856 776 3908 undu
798 3857 855 3907 iuro
870 3863 899 3906 ut
916 3853 1015 3906 dnobus
1036 3852 1155 3920 deinceps
1172 3851 1275 3906 totidem

175 3919 307 3974 foederum
332 3931 493 3976 sacramento
516 3921 670 3975 sancitorum
686 3923 795 3976 vinculis
817 3923 971 3975 constrictus
990 3919 1156 3988 Palaeologus
1172 3929 1276 3974 moere-

177 3994 239 4052 tur,
256 3990 321 4042 atsi
338 3992 403 4045 ullas
419 4009 537 4062 umquam
555 3990 669 4058 collegae
685 4008 764 4061 puero
783 3991 887 4044 insidias
905 3999 1037 4054 strueret,
1061 3988 1169 4056 duplicis
1186 3989 1274 4060 periu-

177 4057 212 4110 rli
229 4060 379 4140 reas-lutet
407 4076 475 4130 quaa
491 4060 660 4144 Palaeulogus
677 4059 814 4113 admittens
831 4061 942 4114 uicissim
959 4059 1035 4142 petiit
1050 4057 1172 4112 devinciri
1188 4067 1275 4145 mutuo

177 4130 671 4268 quffldbwplbntdsibiwtllrtlsubl
684 4129 1276 4252 εαίιιαῐῖῖτέίίίὴίίῦεοοίίτῶίτῗτίτπίίίτίίίίίίῐὶεττῐίττίττιεῖ

175 4213 925 4408 lun..arduena
941 4265 1275 4408 inlinuntur

752 4373 762 4402 θ
