3125 4900
266 318 341 392 548
564 300 807 386 OBSERVAT.
831 307 1071 384 escuinus.

266 487 373 551 sistens
385 483 514 546 bliclau'e'l
526 479 696 561 bagonos,
722 497 861 540 nummos
882 477 909 544 ai
928 493 1029 538 aereos
1048 479 1260 551 argenteosque
1271 466 1369 548 misit,

267 594 342 651 quos
357 573 430 631 duru
442 567 582 630 solemnis
600 567 771 631 litaniarum
792 583 903 644 pompa
922 561 956 622 iu
976 561 1053 619 festo
1067 559 1235 639 palmarum
1248 575 1370 635 proce-

266 659 365 731 deret,
387 652 557 736 patriarcha
580 653 706 713 iactaret
724 652 756 710 in
773 649 939 708 contentam
958 645 1086 726 plebem⁴
1128 642 1203 702 baec
1216 640 1296 703 dous
1310 659 1367 700 vo-

267 751 317 802 cat
330 749 432 800 noster
445 731 623 822 aipaebbvac,
639 755 717 817 quse
729 755 790 795 vox
805 733 926 814 proprie
940 729 1088 808 significat
1102 727 1195 788 lineas
1209 733 1264 784 sut
1278 727 1365 787 funes

265 827 353 888 barno
367 823 534 902 praefixos,
554 823 664 901 quibus
680 821 777 902 pisces
793 839 876 880 escae
890 815 1035 876 inhiantes
1049 813 1160 874 infixae
1175 811 1263 870 avide
1276 831 1366 870 vora-

266 912 304 971 tis
317 911 398 988 capti
416 908 578 969 trahuntur
589 908 622 966 in
637 905 781 987 piscantia
797 923 926 964 inanum.
969 909 1059 978 atque
1078 897 1161 958 haud
1177 896 1239 956 scio
1252 917 1290 954 sn
1303 915 1365 954 non

262 1004 424 1076 propterea
435 993 546 1053 lineam
563 992 688 1052 divitem
705 989 879 1050 huiusmodi
900 986 1043 1064 gratuitas
1053 984 1174 1064 rapinas
1195 983 1227 1040 in
1247 980 1365 1060 plebem

141 1098 145 1109 ’
263 1079 551 1159 υωὺίιὶοεωραῑω
568 1075 679 1137 alicubi
701 1075 854 1136 vocaverit
874 1071 1033 1146 Martialis,
1063 1069 1144 1149 quod
1156 1067 1204 1127 his
1222 1067 1305 1126 velut
1317 1065 1364 1126 li-

263 1165 328 1224 neia
342 1163 531 1242 piscatoriis,
551 1163 605 1222 sed
620 1161 718 1222 aureis
737 1170 768 1219 et
786 1156 1030 1230 notabilior-ibus,
1048 1153 1205 1215 hominum
1221 1151 1320 1212 studia
1334 1159 1364 1210 et

263 1251 435 1310 voluntates
457 1248 627 1328 capiantur.
669 1264 848 1324 quamquam
867 1262 923 1302 nac
943 1241 1047 1318 ignoro
1067 1259 1123 1298 neo
1136 1237 1272 1318 improbo
1286 1253 1364 1316 quae

264 1334 323 1394 alia
335 1332 446 1392 eruditi
458 1331 633 1434 interpretes
646 1331 677 1390 in
690 1349 756 1391 sum
768 1330 869 1388 locum
885 1321 1176 1432 cpmnrentantur*).

263 1415 642 1580 coqgfcffiit'qvssffi
659 1406 1364 1562 botiub·idibimimiibbtilroiitiilcibei'ibibib:

262 1588 445 1666 scriptorum
469 1584 653 1645 abstrusiora
671 1584 819 1644 vocabula
844 1581 988 1644 libentius
1011 1588 1146 1659 usurpat.
1193 1573 1363 1655 Hesychius

262 1665 378 1750 ἆεηρόν
403 1671 529 1751 exponit
547 1664 706 1750 βλαβηιὸν.
748 1667 820 1728 inde
846 1667 882 1726 lit
905 1659 1067 1746 ἆταρτηρὸς
1090 1684 1145 1744 per
1167 1660 1360 1740 epentbeaim,

261 1775 325 1816 vox
337 1755 466 1816 Homero
483 1754 674 1834 Hesiodoque
688 1756 886 1833 frequentata.
930 1749 1105 1810 Eustallriua
1119 1747 1158 1806 sil
1170 1747 1256 1806 Iliad.
1270 1770 1289 1806 a
1301 1744 1359 1804 ori·

262 1842 363 1921 ginem
375 1840 461 1903 vocis
473 1833 588 1922 impis
597 1839 710 1900 ducite
723 1839 845 1898 nomine
854 1833 910 1917 ἄτη
924 1856 1014 1910 noxa,
1031 1835 1192 1895 calamitas.
1209 1833 1361 1892 alumnum.

262 1946 336 1986 care
352 1926 537 2004 obtemperes
551 1925 747 1985 Constantino
757 1924 793 1984 in
807 1923 917 1984 Lexico
931 1921 1048 1982 iubenti
1062 1941 1116 2000 pro
1130 1913 1243 1997 ἆτηρός
1253 1913 1361 1976 rescri-

261 2013 332 2072 bere
348 2004 478 2091 αἰειρής.
520 2009 690 2090 quaemihi
711 2030 799 2073 canas
822 2009 880 2072 fait
899 2007 973 2066 baec
996 2005 1145 2066 hocloco
1166 1999 1359 2072 admonendi,

261 2095 377 2175 alioqui
392 2095 523 2156 tacituro
538 2095 578 2156 ds
591 2114 669 2157 vocs
685 2088 808 2179 oirqqn'a,
832 2104 868 2154 ut
881 2113 920 2156 ex
932 2091 1053 2171 angori
1063 2088 1173 2152 veteris
1187 2085 1361 2150 Helleniauai

259 2179 452 2243 uetitiasatis
462 2191 628 2263 perspecta.
1385 2199 1390 2206 ·

345 2257 553 2329 αἰκάλλειν
573 2288 605 2347 p.
618 2263 662 2330 44
674 2285 705 2327 v.
727 2263 776 2330 14.
810 2262 871 2342 agit
879 2261 923 2324 ibi
936 2261 1063 2340 loquens
1078 2259 1196 2322 Musula
1211 2258 1249 2318 ‹ls
1262 2275 1360 2338 puero

259 2349 372 2408 Ioanne
386 2349 536 2428 Δυμαῖος
556 2369 644 2428 quem
659 2369 696 2408 eo
710 2346 840 2410 subditis
860 2347 1063 2408 amabiliorem
1077 2347 1172 2405 videri
1189 2344 1295 2404 dabore
1307 2342 1359 2413 ait,

259 2435 341 2515 quod
356 2455 411 2513 per
422 2441 549 2495 aetatem
563 2432 664 2495 adhuc
681 2433 863 2511 simplicem,
887 2411 951 2493 aine
966 2434 1054 2505 l'nco,
1077 2429 1185 2510 puerili
1199 2429 1360 2491 securitate

259 2528 408 2593 operetur.
451 2508 681 2595 οιῑᾶπᾶὶλειν,
708 2518 808 2596 inquit
824 2516 999 2579 Eustatlriua
1015 2520 1053 2577 ad
1075 2518 1161 2579 lliad.
1185 2516 1221 2589 δ,
1249 2515 1283 2577 ἐκ
1301 2516 1359 2575 aori

257 2600 357 2665 ἅπτειν
371 2595 591 2669 astiturum.
634 2602 718 2682 quod
736 2604 817 2663 islena
837 2604 946 2681 repetit
966 2604 1006 2661 ad
1026 2604 1109 2663 Iliad.
1130 2623 1162 2679 a,
1191 2599 1304 2661 addans
1319 2598 1358 2657 ob
1422 2672 1426 2679 1

255 2686 437 2769 euphoniam
449 2687 572 2769 dempto
585 2708 646 2754 uuo
657 2712 674 2751 τ
684 2687 783 2749 scribi
793 2681 947 2765 ἆεᾶλλεινς
968 2690 1049 2767 quod
1068 2699 1169 2749 tamen
1182 2695 1285 2747 nouas
1305 2682 1358 2743 bic

256 2794 320 2833 uon
335 2782 522 2844 eataecutus.
564 2784 653 2846 sonat
672 2782 772 2836 autam
792 2772 825 2833 id
846 2773 970 2834 verbum
987 2793 1107 2835 movere
1130 2794 1165 2833 ac
1179 2771 1313 2852 proferre
1326 2789 1358 2831 se

256 2857 352 2919 libare
366 2857 400 2918 iu
414 2879 533 2922 omnem
549 2869 680 2940 partem,
711 2869 837 2921 naturae
853 2858 1053 2936 indulgendo,
1083 2859 1159 2919 citra
1174 2866 1285 2919 matam
1304 2864 1357 2915 aut

255 2953 444 3021 respectum
471 2944 606 3023 quod'et
621 2944 785 3007 bestiarum
804 2952 850 3005 eat
870 2954 901 3004 at
920 2962 1104 3025 puerorum,
1123 2964 1199 3023 quoa
1221 2938 1358 3009 nondum

255 3029 335 3088 ratio
350 3030 522 3110 compescit.
563 3030 741 3091 vocabulum
757 3030 848 3110 pleae
860 3026 1087 3107 Pacbyrueriani
1101 3028 1190 3108 genii,
1211 3028 1357 3109 priscum,

254 3114 444 3193 populariter
456 3115 648 3193 loquentibus
661 3115 853 3190 inusitstuan,
876 3114 1075 3175 nacholiastis
1093 3120 1252 3195 potiturum
1262 3114 1295 3175 iu
1307 3111 1354 3173 lai·

211 3212 218 3221 '
254 3197 377 3259 storiam
392 3198 561 3278 intextum3
582 3201 720 3279 qualibus
732 3200 785 3261 bic
801 3209 907 3259 auctor
923 3198 1099 3261 delectatam

149 3302 239 3361 pan
269 3332 297 3381 '.
342 3274 759 3349 oiuavroxsoiesieau.
811 3305 888 3365 puer
927 3286 1069 3365 princeps
1108 3292 1161 3348 aut
1199 3282 1356 3362 regnantia

254 3366 336 3427 filius
352 3386 480 3446 pas-aus,
502 3389 572 3430 cum
588 3372 771 3451 procedente
785 3369 820 3436 in
841 3370 969 3449 primam
989 3370 1146 3450 pueritiam
1157 3369 1281 3429 infantia
1300 3390 1356 3429 eo-

253 3454 393 3551 mitatum
419 3454 570 3517 natalibus
592 3476 759 3535 congruum
780 3456 891 3536 accipit
921 3465 952 3517 et
972 3456 1136 3519 ministerio
1158 3475 1194 3515 ao
1215 3454 1354 3515 satellitio

255 3536 474 3614 circumdatur,
496 3534 788 3605 alemannicum
809 3541 921 3609 dicitur
944 3540 1085 3601 Graeciae
1102 3541 1239 3617 receuti,
1269 3539 1354 3603 caius

253 3642 313 3719 usu
332 3642 397 3683 vox
414 3628 529 3700 ποῦλος
546 3622 763 3707 unosopwrsaq'
781 3636 834 3689 sat.
877 3634 914 3688 ut
935 3644 1005 3706 ergo
1021 3622 1172 3707 αὐθέντης
1188 3625 1354 3699 dominum,

253 3716 298 3767 ru
326 3704 575 3785 αὕθεντοποῦλος
600 3734 728 3793 parumn
748 3712 906 3771 domiuum
929 3721 1025 3771 sonat.
1076 3712 1150 3773 hinc
1177 3712 1355 3789 intelligitur

254 3792 336 3871 quod
360 3794 466 3858 scribit
486 3806 588 3857 noster
620 3819 651 3877 p.
669 3798 712 3863 24
729 3802 795 3865 ιθ
832 3796 869 3855 do
901 3796 1109 3859 Muzulunibus
1134 3796 1229 3859 tribus
1251 3797 1356 3857 liaui-

251 3872 483 3974 bqs'Tbeodoro
498 3881 671 3961 imperatori
692 3881 789 3957 cums,
811 3880 895 3961 quod
915 3882 959 3957 ei,
983 3903 1050 3945 cum
1070 3883 1203 3963 prienam
1219 3880 1356 3961 puella·

251 3961 367 4057 muham
389 3965 584 4045 principalem
600 3966 710 4026 habere
725 3966 841 4047 coepit,
872 3967 904 4027 in
929 3966 1060 4046 ephebos
1088 3968 1268 4029 honorarius
1291 3966 1356 4027 dati

251 4045 403 4149 sumt,
434 4046 549 4129 ἄνδρας
564 4046 621 4115 osia
633 4044 785 4132 εὖγενείας
805 4049 861 4132 μὲν
880 4051 1056 4133 μετέχοντας
1076 4047 1289 4135 eleopoleos,
1312 4052 1356 4125 εἰς

249 4131 475 4211 salonentiae
488 4134 523 4200 δὲ
534 4132 879 4222 αὕθεντοπουλευομένφ
890 4138 1088 4223 τεταγμένους
1099 4134 1190 4227 αὐτῷ.

316 4312 346 4384 1*)
364 4317 399 4369 cl.
418 4315 538 4372 Glausai.
554 4318 663 4374 alterum
678 4338 705 4375 v.
722 4314 803 4393 aiqqq'.
