3125 4900
299 303 372 375 218
615 298 793 369 GEORGII
826 294 1092 366 PACHYMERIS

298 480 431 545 στιανιῦν
459 470 632 557 νομοθίτου
656 475 819 561 Χριστοῦ,
854 469 891 537 oei
915 464 1059 546 Σόλωνος
1082 465 1120 534 οῦ
1141 465 1176 534 ἀί
1194 458 1398 553 Λυκοόργου,

260 595 285 649 (i
302 578 375 649 ἀλλ’
392 577 489 643 αότοῦ
503 583 560 643 τοῦ
576 572 716 644 πλάστου
731 577 781 641 καί
797 580 925 660 ποιητοῦ
941 574 992 638 καί
1007 576 1104 652 θεοῦ,
1133 572 1166 636 ίκ
1180 575 1244 637 τῶν
1262 566 1400 657 προσόν-

297 710 361 751 των
385 676 503 748 διδόναι
525 681 576 745 καί
599 674 836 768 ἀντιλαμβάνειν
855 676 894 742 τά
911 679 1014 760 μείζω.
1066 673 1083 740 ii
1099 674 1138 760 δὴ
1154 675 1205 740 καί
1221 673 1399 740 πιστευτέον

297 782 480 870 ἐπάναγκες,
508 785 535 848 εί
557 779 694 850 πιστεύοι
713 807 761 858 τις
781 786 826 871 τῷ
837 784 967 869 Χριστῷ
981 777 1025 863 μὴ
1043 774 1140 861 μόνον
1155 773 1270 843 καθότι
1284 780 1399 858 βαπτί-

297 893 379 971 ζοιτο
387 935 398 969 ,
426 883 634 953 intinctio
652 888 703 951 καί
717 883 868 971 ἀληθινόν
885 886 997 948 ἐκεῖνον
1014 881 1076 965 ἴχαι
1091 880 1144 969 ἐφ’
1162 876 1209 957 οἷς
1220 880 1424 965 {numidia-⁵

296 1018 359 1060 ται.
411 988 626 1073 βαπτισθίντα
651 990 686 1055 dd
705 990 757 1055 καί
778 982 985 1053 πιστεύσαντα
998 984 1041 1070 μὴ
1054 994 1120 1062 ταῖς
1133 979 1235 1070 λόγοις
1250 980 1401 1049 πιστεόιιν

298 1095 432 1175 ἐκείνου,
456 1094 537 1178 μηδὲ
551 1092 587 1159 τό
602 1089 731 1179 πρώτως
745 1088 896 1157 πιστεόειν
916 1088 1012 1173 ἔχειν,
1039 1085 1097 1153 κάν
1117 1086 1135 1153 ὅ
1155 1113 1186 1152 τι
1206 1087 1296 1172 λίγαι.
1349 1088 1401 1151 καί

298 1194 315 1264 ό
331 1198 388 1281 μίν
402 1201 544 1283 Χριστοῦ
559 1192 654 1281 νόμος
667 1187 759 1272 οὗτος
772 1194 1016 1277 ἀνταμείβεσθαι
1027 1190 1107 1257 κατά
1118 1190 1155 1257 τό
1169 1187 1399 1257 ἓκατονταπλό-

258 1307 283 1361 1)
301 1324 368 1368 αιον
390 1299 620 1385 ίπαγγίλλεται·
644 1301 739 1386 χωρίς
762 1299 797 1363 dd
816 1299 868 1363 καλ
890 1303 947 1363 τοῦ
969 1297 1148 1383 προσδοκᾶν
1160 1300 1262 1360 ταῦτα
1277 1289 1399 1380 ἀπόχρη

301 1404 351 1471 καί
364 1398 444 1487 μόνη
458 1398 478 1486 ἦ
491 1400 712 1487 παραμένουσα
730 1398 806 1479 ἀόξα
814 1450 825 1482 ,
849 1399 896 1464 ’ἶν’
911 1400 990 1465 τίποι
1002 1423 1049 1474 τις
1063 1400 1113 1463 καί
1127 1396 1198 1463 κατ’
1215 1394 1398 1484 ἄνθρωπον,
1409 1405 1442 1459 10

300 1506 419 1573 πείθειν
435 1502 490 1571 τόν
503 1504 629 1573 συνετόν
645 1506 702 1589 αάχ
717 1502 802 1581 ὅπως
812 1508 1029 1579 πλεονεκτικῶς
1037 1502 1293 1588 χρηματίζεσθαι,
1318 1499 1400 1565 ἀλλά

301 1611 353 1676 καί
367 1608 407 1674 τά
425 1605 581 1695 προσόντα
594 1618 659 1685 τοῖς
674 1614 800 1692 τυχοῦσι
814 1611 989 1692 προίεσθαι.
1041 1606 1152 1690 ἓξαίρω
1172 1604 1209 1669 ἀί
1227 1608 1330 1687 γετοῦ
1344 1600 1401 1669 λό·

300 1737 357 1799 μου
377 1710 451 1788 τοῦς
474 1710 527 1776 ἐπ’
553 1711 732 1797 ἀναγκαίαις
752 1708 918 1786 ἀοκοόσαις
933 1710 1050 1797 χρείαις
1063 1708 1133 1774 τινά
1147 1712 1209 1774 τῶν
1225 1704 1320 1773 όντων
1335 1732 1401 1771 πα-

301 1813 544 1903 ρακατίχοντας,
570 1816 596 1881 εί
616 1811 715 1900 μήγε
741 1816 792 1879 καί
812 1806 907 1890 αῦθις
928 1812 1023 1896 ξ’χαιεν
1043 1814 1267 1899 ἐκπορίζεσθαι.
1319 1808 1401 1875 ἀλλά

300 1923 401 1985 ταῦτα
420 1918 478 2001 μίν
492 1914 509 1983 ό
523 1914 673 2003 δεσπότης
691 1913 836 2001 Ἰωάννης
850 1919 902 1982 καί
918 1918 987 1982 λίαν
1007 1914 1101 2002 ίγναι,
1127 1915 1179 1979 καί
1197 1913 1289 2001 χνοῦς
1307 1908 1347 1979 τό
1370 1912 1400 1979 oi
1409 1918 1442 1975 15

262 2032 288 2087 Ε
306 2022 489 2087 συνοίσοντα
512 2018 670 2107 inpono.
721 2019 784 2087 inei
799 2021 834 2085 dd
846 2020 876 2085 oi
891 2018 972 2106 ἀμφὶ
990 2018 1045 2085 τόν
1059 2016 1196 2102 μοναχὸν
1209 2020 1338 2098 Νεῖλον,
1366 2014 1402 2093 ὃς

303 2124 337 2191 ἐκ
359 2124 498 2201 Σικελίας
517 2126 575 2208 μίν
600 2122 743 2208 ὥρμητο,
770 2124 821 2190 ἐπὶ
843 2129 927 2213 κακῷ
941 2123 976 2188 ἀί
990 2128 1045 2207 τῆς
1059 2127 1122 2188 τῶν
1135 2118 1297 2204 Ῥωμαίων
1312 2125 1402 2186 πολι-

298 2228 381 2304 τείας
403 2226 535 2311 doloso,
562 2224 716 2294 ἀιόάσκυιν
731 2222 968 2314 γλισχριόεσθαι
982 2228 1033 2291 καλ
1046 2230 1220 2314 προμηθεῖς
1235 2220 1311 2293 είναι
1326 2220 1401 2299 τοῦς

297 2493 378 2548 studii
393 2493 520 2547 rationem
536 2491 688 2560 disserebat,
704 2495 789 2564 legem
805 2512 863 2549 esse
879 2513 929 2550 non
946 2494 1047 2550 Solonis
1063 2500 1110 2550 sut
1128 2492 1239 2564 Lycurgi
1256 2490 1302 2545 sed
1317 2489 1399 2560 legis-

296 2563 387 2616 latoris
413 2563 615 2616 Christianorum
640 2562 753 2628 Christi,
779 2565 904 2618 creatoris
928 2565 1041 2618 eiusdem
1057 2561 1295 2644 conservatorisque
1311 2577 1399 2613 rerum

298 2631 408 2685 omnium
436 2631 491 2692 dei,
512 2647 580 2702 quae
604 2649 651 2685 nos
675 2631 765 2686 iubeat
781 2634 849 2718 quod
866 2651 1000 2705 possumus
1016 2652 1049 2688 ex
1065 2634 1194 2704 praesenti
1208 2647 1282 2698 oopre
1297 2628 1399 2698 largiri,

297 2718 345 2772 spe
365 2708 438 2755 certa
460 2700 599 2772 recipiendi
619 2701 722 2756 maiora.
757 2703 818 2756 burc
841 2703 1003 2774 promissioni
1023 2703 1168 2757 necessario
1188 2699 1340 2755 credendum
1364 2699 1398 2750 ab

299 2787 331 2824 eo
348 2770 438 2841 utique
456 2769 558 2840 estqui
574 2769 650 2822 fidem
666 2770 694 2824 in
712 2770 843 2826 Christum
861 2773 1011 2843 profitetur,
1037 2791 1087 2826 nou
1103 2774 1185 2825 solum
1208 2777 1334 2840 quatenus
1349 2769 1400 2820 ba·

299 2839 420 2960 ptismum
437 2839 569 2922 suscepit,
593 2839 639 2892 sed
658 2849 785 2910 quatenns
802 2843 880 2894 etism
895 2842 980 2912 palam
997 2842 1135 2912 acquiescit
1151 2839 1293 2892 assentiam
1308 2853 1400 2890 sacrae

320 2909 433 2963 octrinae
449 2925 545 2979 passum
563 2907 590 2960 in
608 2908 717 2962 ecclesis
734 2911 890 2980 propositae.
924 2928 1002 2981 porro
1019 2912 1176 2980 baptizatum
1193 2907 1354 2980 quempiam,
1372 2911 1401 2959 et

299 2979 419 3031 assemiri
437 2994 466 3030 se
481 2977 685 3030 irrevocabiliter
703 2979 860 3032 Christianis
877 2980 1038 3048 dogmatibus
1054 2981 1212 3062 professum,
1238 2975 1335 3029 Christi
1351 2973 1399 3027 de·

299 3045 360 3100 inde
377 3047 464 3101 verbis
481 3048 592 3100 fractum
609 3047 713 3100 uberem
738 3048 913 3116 eleemosynae
936 3049 1115 3120 pollicentibus
1130 3063 1181 3100 uon
1196 3046 1303 3099 credere
1319 3059 1401 3112 argu-

299 3121 386 3168 mento
404 3122 445 3168 est
459 3115 542 3185 ipsum
559 3133 642 3185 neque
660 3121 735 3170 autea
752 3133 815 3170 rere
832 3117 984 3182 credidisse,
1001 3123 1231 3187 quantumcumque
1245 3132 1275 3168 se
1292 3113 1399 3167 medere

298 3183 457 3236 simulsrerit
472 3191 500 3236 et
517 3184 694 3239 affirmaverit.
728 3201 776 3238 nec
792 3187 906 3254 vulgaris
921 3187 1091 3240 remuneratio
1113 3193 1155 3238 ast
1169 3201 1245 3255 quatu
1261 3183 1303 3236 lex
1321 3180 1400 3234 Obri-

298 3250 334 3303 sti
351 3251 468 3319 largitori
485 3251 642 3306 misericordi
659 3253 796 3323 promittit,
823 3256 869 3309 sed
885 3272 953 3326 quae
969 3261 1069 3308 centnm
1085 3271 1133 3324 pro
1150 3270 1201 3306 uno
1217 3253 1323 3306 reierat
1357 3267 1399 3304 me

298 3333 376 3382 vero,
400 3325 428 3371 et
444 3322 575 3389 quemvis,
592 3329 622 3374 ut
638 3322 764 3386 arbitror,
778 3323 930 3442 prudentem
947 3324 1088 3388 bominem,
1104 3323 1184 3376 etiam
1199 3323 1308 3376 bumeuo
1325 3319 1399 3373 dum-

299 3391 375 3440 taxat
390 3403 438 3439 usu
454 3404 581 3457 sensuque
597 3390 630 3443 de
646 3391 723 3444 rebus
749 3391 776 3444 iu
796 3393 921 3458 iocantem,
944 3393 987 3448 vel
1003 3393 1025 3445 si
1041 3392 1104 3446 nibil
1120 3393 1175 3446 tale
1189 3392 1334 3446 iuberemar
1351 3406 1400 3441 ex·

298 3457 1096 3594 {stittibitibi„tristitiem&
1112 3457 1400 3583 i'ttttffltttit

625 3565 633 3593 ν
1063 3549 1096 3585 0⁰

298 3609 350 3648 uon
373 3593 446 3647 modo
471 3601 575 3647 euenor
592 3597 625 3648 ab
643 3613 721 3649 svare
738 3548 914 3668 congerendisp
928 3601 1066 3670 superfluis
1081 3569 1189 3670 dpibns,
1212 3547 1299 3651 videram
1316 3595 1398 3648 etism

244 3679 247 3688 ’
296 3662 374 3717 t'sciis
397 3663 503 3716 inducor
526 3661 560 3716 sd
585 3664 783 3720 subtrahendam
807 3669 898 3723 usibus
923 3669 1001 3722 etum
1018 3669 1083 3740 ipsis
1099 3669 1162 3724 meis
1178 3664 1288 3750 quaein
1305 3663 1398 3716 obvios

296 3745 425 3804 pauperes
442 3731 588 3799 effundam,
615 3750 663 3786 non
680 3739 765 3788 tamen
782 3744 828 3791 aut
843 3739 871 3791 in
888 3737 944 3790 aliis
964 3739 1087 3792 damnem
1104 3746 1150 3791 aut
1165 3733 1227 3788 mni
1243 3739 1336 3786 vetans
1352 3749 1399 3786 re·

297 3817 404 3855 serrare
427 3818 494 3872 qaae
516 3807 659 3872 opportuna
683 3805 838 3860 videbuntur
860 3807 902 3861 sei
922 3807 974 3860 iam
996 3807 1146 3878 urgentibus
1163 3803 1205 3857 rei
1221 3802 1247 3856 ia
1264 3808 1397 3872 posterum

296 3867 500 3952 impendentibus
522 3871 720 3926 necessitatibus
745 3875 829 3943 vitae,
873 3877 1006 3931 raesenim
1023 3877 1068 3932 obi
1086 3873 1185 3930 occasio
1202 3887 1327 3942 praesens
1343 3871 1398 3925 isr-

296 3937 385 4005 uendi
407 3957 458 3993 non
482 3939 603 3992 occurrit.
637 3941 704 3994 tata
726 3941 835 4014 despota
871 3963 965 3999 unnes
989 3951 1017 4000 et
1039 3945 1093 3999 site
1114 3945 1253 4013 impressos
1269 3941 1397 4011 pleneque
1441 3959 1447 3967 ·

297 4019 434 4091 persupsop
450 4009 572 4062 versabat
588 4009 670 4092 opimo
687 4027 792 4079 sensus,
816 4019 845 4098 et
858 4014 891 4067 iis
907 4021 1076 4070 comentauee
1097 4026 1209 4082 operans
1225 4009 1258 4064 ad
1277 4009 1397 4081 proposi-

297 4075 647 4216 tnrtttit‘ttttt
661 4079 1087 4220 ,inmittit
1107 4079 1336 4204 intendit
1349 4078 1408 4197 ii*

299 4207 360 4260 ciiia
375 4208 426 4263 bue
441 4231 531 4284 magno
548 4215 613 4270 melo
630 4217 760 4273 Romanae
776 4220 930 4289 reipublicae
945 4220 1069 4293 proiecti,
1086 4167 1209 4274 ἀόοοαοει
1224 4212 1396 4290 passimoni&

298 4275 445 4348 merom,
469 4282 655 4357 suadentesque
677 4287 820 4346 bominibus
837 4305 931 4362 περαι
953 4289 1182 4363 droamspeetioue
1196 4288 1225 4343 ia
1242 4285 1325 4342 dende
1345 4279 1400 4345 *iis
