3125 4900
386 223 444 341 nn
462 273 671 342 rucuma
695 273 976 344 unamouooo
1001 278 1036 349 ι.
1062 277 1120 350 vr.
1222 277 1296 352 479

200 445 309 514 λυτίον
333 441 409 512 εἶναι
429 442 579 522 καθάπαξ
600 443 820 533 πρασίτασσεν.
871 444 908 514 οῦ
935 447 998 530 μὴν
1024 447 1059 514 dd
1080 449 1132 514 καί
1151 449 1251 528 οίτίας
1274 447 1332 518 άΒ

199 555 400 637 πατριαρχῶν
419 548 609 628 άπολίλυτο,
645 555 771 634 πρᾶγμα
785 551 958 634 σκιρρωθίν
982 549 1043 634 ἤδη
1062 547 1185 638 χρόνοις
1206 555 1290 620 πλεί-

199 679 286 730 στοις
306 655 487 730 ἐξαπιναίως
503 651 669 734 μαλάττειν
692 652 825 732 ίθίλων,
852 655 1014 719 καὶταῦτα
1030 657 1188 741 τιμωρίαις
1204 659 1290 740 μεγί-

197 781 288 832 σταις
303 761 359 822 τοῦ
377 756 528 839 βασιλίως
545 755 619 831 τοὺς
640 755 893 832 ἐπιστατοῦντας
914 753 1111 833 εῦθῦνοντος.
1163 764 1290 844 σῶφρον

168 851 256 927 δοῦν
276 852 331 944 ἦν,
361 863 389 924 εί
411 864 504 944 σιγῶν
524 860 646 948 διετίλει
669 862 719 924 καί
744 857 800 941 τὴν
822 861 1007 943 κατηγορίαν
1026 861 1143 946 ῦιίφιρι
1164 857 1287 946 πράως·

194 956 291 1048 ἧτταν
313 962 372 1049 γάρ
395 955 435 1044 ἦν
457 963 495 1027 τί
517 958 624 1030 δεινόν.
674 960 781 1038 διδοὺς
807 961 840 1026 d’
868 964 931 1027 αίίν
951 958 1172 1046 ῦπεκκαῦματα
1183 961 1288 1048 μάχης

197 1066 255 1133 οῦκ
276 1060 579 1151 άσφαλίσιήπάμπαν
599 1063 784 1150 ἀντιλογίαις
803 1064 925 1141 ἐκείνοις
951 1067 1008 1148 μίν
1031 1075 1154 1152 παρείχε
1175 1065 1287 1149 λαβάς,

197 1167 298 1258 {auspi
320 1170 355 1234 ιίί
382 1170 432 1233 καί
457 1164 523 1244 τοῖς
546 1174 724 1234 κοινωνοῦσι
748 1166 806 1251 τὴν
824 1169 953 1243 ἐσαῦθις
974 1164 1097 1252 βλάβην
1121 1169 1287 1254 προυξίνει.

194 1269 265 1339 τότε
280 1273 315 1337 dt
330 1270 387 1355 τὴν
396 1271 512 1357 Ἰωσὴφ
527 1269 704 1354 πυθόμενος
718 1269 838 1356 ἄφιξιν,
865 1269 909 1336 ίτι
927 1271 961 1336 δὲ
975 1273 1024 1336 καί
1043 1270 1099 1355 τὴν
1118 1277 1174 1336 τοῦ
1192 1269 1282 1358 ’Ept-
1299 1287 1322 1341 c

149 1389 187 1440 10
194 1401 253 1442 σου
274 1379 319 1464 τῷ
336 1379 460 1456 βασιλεῖ
473 1377 672 1462 προσεάριίαν
692 1373 725 1440 ἔν
747 1373 786 1441 οῦ
809 1379 916 1450 καλαῖς
930 1370 1078 1456 ῦποψίαις
1093 1369 1284 1458 πάιαῦμενας,

193 1477 358 1543 ἔπιστίλλει
379 1483 423 1566 τῷ
440 1475 591 1562 Ἐφίσου,
625 1479 804 1562 προστιθείς
826 1477 862 1544 τὸ
886 1481 948 1542 πάν
970 1483 1014 1567 sq'i
1035 1473 1191 1566 ίερωτάτιρ
1206 1477 1286 1544 κατά

191 1582 350 1660 θωπείαν,
377 1586 422 1669 aqi
436 1576 565 1666 γράφιιν
580 1578 818 1668 πακιερῶταταν.
847 1586 970 1664 βασιλεῖ
983 1578 1172 1666 ἐντυγχάνειν
1184 1579 1283 1667 ἠξίου,

190 1683 249 1770 τὴν
260 1687 302 1761 είς
315 1685 428 1750 ἐκεῖνον
442 1690 498 1750 τοῦ
513 1679 705 1770 πατριάρχου
720 1682 824 1771 άφιξιν
839 1683 971 1766 εὐμενῶς
991 1679 1181 1765 κατανείειν,
1208 1686 1235 1748 εί
1251 1685 1286 1749 dd

190 1790 242 1852 καί
266 1786 368 1875 (ίητῶς
387 1783 597 1873 προστάσσοι,
624 1787 700 1874 πρὸς
720 1794 814 1852 τοῦτο
837 1787 977 1852 τίσεσθαι
994 1783 1086 1872 χάριν
1106 1785 1142 1851 οῦ
1156 1789 1283 1873 μετρίαν

149 1897 236 1980 16τῷ
252 1885 480 1975 συνεργήσαντι.
533 1891 643 1965 ἐκεῖνος
654 1891 710 1973 μίν
722 1883 777 1956 οῦκ
790 1887 829 1954 τά
842 1895 898 1954 τοῦ
913 1886 1103 1974 πατριάρχου
1120 1885 1284 1971 δεξάμενος

189 1989 376 2078 γράμματα,
402 1993 506 2058 θίλων
518 1989 740 2078 ῦποκρίνεσθαι
752 1992 807 2058 τάν
819 1998 969 2078 φιλοῦντα
989 1985 1041 2080 (ἢν
1055 1987 1113 2077 γάρ
1130 1991 1158 2056 oi
1171 1995 1222 2057 καί
1237 1989 1280 2058 ίτι
1297 2009 1321 2062 ι)

189 2102 252 2176 τῶν
261 2095 357 2180 χθιζά
371 2097 557 2182 κινηθέντων
568 2093 658 2184 χάριν
674 2091 965 2184 παρασπαίρουοαὴ
982 2092 1145 2180 άπίχθειο)
1152 2142 1163 2175 ,
1189 2102 1283 2177 βασι-

185 2308 285 2376 vetari,
301 2315 332 2364 ut
346 2309 416 2364 uitro
432 2311 508 2364 etiam
524 2310 750 2366 commendaretur.
783 2315 812 2364 at
828 2313 979 2382 pervertere
1001 2309 1151 2382 Scriptum
1173 2315 1219 2365 aut
1235 2310 1282 2364 de·

185 2381 283 2434 cliusre
299 2398 317 2432 s
333 2396 397 2433 vero
420 2397 506 2434 eorum
523 2398 600 2434 sensu
622 2381 737 2450 permitti
759 2381 827 2434 uuila
851 2381 951 2433 ratione
972 2397 1057 2451 posse.
1092 2382 1181 2451 itaque
1201 2397 1231 2434 ae
1255 2379 1281 2432 id

98 2461 111 2472 '
185 2452 286 2521 quidem
304 2448 404 2503 omnino
421 2451 566 2521 probibere.
600 2450 707 2504 sicilie.
740 2467 790 2504 nec
806 2468 853 2521 per
876 2451 924 2503 boc
941 2458 1024 2503 tamen
1043 2452 1118 2520 plane
1134 2450 1209 2519 culpa
1228 2450 1282 2503 aoi-

184 2521 296 2573 uebatur
310 2519 477 2589 patriarcba,
500 2521 544 2587 qui
565 2537 619 2572 ram
635 2519 780 2574 induratam
801 2520 945 2573 inveterata
966 2521 1127 2589 possessione
1144 2519 1282 2588 longissimi

184 2587 308 2657 temporis
329 2594 434 2657 repente
455 2589 552 2642 mollire
571 2590 771 2657 eggredereture
794 2589 1019 2658 aggravabuntqne
1040 2588 1159 2642 inuidiam
1183 2606 1282 2659 poeuaa

186 2658 335 2739 atroceanb
351 2656 506 2727 inperatore
524 2660 736 2742 repugnantibus·
748 2656 872 2711 inflictae.
907 2658 1047 2725 sapientius
1069 2658 1148 2741 igitur
1164 2660 1280 2741 tactprna

186 2726 1180 2858 {tidttt‘tarfflttt,ttatttittttttzt‘ttt‘ttit‘,²
1194 2742 1280 2847 tt:

185 2870 270 2917 ruente
285 2880 384 2933 semper
401 2879 468 2917 nova
490 2863 611 2933 flagranti
628 2865 686 2947 pius
707 2865 770 2917 satia
795 2880 842 2935 per
867 2880 897 2915 ae
911 2862 984 2915 rixae
1000 2862 1150 2928 subiiciens,
1175 2868 1281 2915 canten-

183 2932 267 2985 tiones
282 2932 401 2985 acceudit
424 2934 450 2985 in
472 2932 568 3003 aliquid
591 2934 643 3002 ipsr
664 2933 697 2986 ad
713 2941 853 2986 extremum
870 2931 1035 3001 perniciosum
1054 2938 1205 3001 erupturaar
1229 2948 1279 2985 uon

184 3002 248 3053 enim
265 3009 317 3054 tam
341 3010 416 3055 cauta
432 3002 513 3055 multa
535 3002 667 3071 disputare
691 3010 809 3071 poterat,
834 3002 894 3071 quin
916 3000 992 3053 daret
1014 3016 1091 3053 ansas
1113 3001 1279 3067 aduersariis,

182 3088 247 3139 quaa
261 3071 298 3122 itti
314 3071 466 3140 quandoque
481 3070 634 3141 arripientes
657 3072 707 3141 ipsi
731 3078 759 3125 et
775 3072 829 3124 eina
846 3070 997 3139 sequacibus
1015 3070 1082 3121 baud
1099 3069 1169 3124 laria
1185 3068 1278 3123 dainda

181 3140 321 3192 intuicrunt
342 3138 443 3193 darana.
478 3148 540 3193 tunc
561 3158 637 3211 porro
661 3140 751 3194 sudito
773 3140 875 3209 iosepbi
905 3138 937 3192 ad
961 3138 1140 3208 imperatorem
1162 3154 1278 3202 accessu,

182 3218 234 3261 tun
253 3216 389 3278 praetcrea
404 3210 507 3278 cognito
525 3209 680 3278 iipbeeinum
696 3227 753 3263 curn
769 3211 858 3263 endem
873 3208 1028 3277 imperatore
1050 3209 1155 3262 assidne
1170 3210 1278 3273 uersari,

181 3278 350 3347 suspicionem
365 3276 495 3345 ingressus
511 3295 561 3331 non
576 3278 691 3343 innuen,
718 3280 794 3333 iaciie
816 3278 873 3331 tieri
916 3294 974 3330 orae
991 3284 1020 3330 ut
1036 3277 1061 3329 bi
1084 3278 1213 3349 quidpiam
1230 3278 1277 3330 sd-

181 3363 282 3399 versum
299 3363 329 3398 se
344 3354 482 3409 moverent,
498 3348 554 3401 eius
576 3348 682 3418 pericuti
699 3348 879 3419 pnerertendi
895 3296 962 3400 gano
978 3346 1101 3401 rationem
1118 3348 1182 3401 iniit.
1210 3347 1277 3401 scri-

180 3416 218 3468 bit
234 3415 268 3468 ad
286 3414 460 3484 preeinnm3
477 3434 585 3485 cunque
600 3424 631 3470 ut
646 3418 702 3486 ipsa
718 3416 884 3487 inscriptione
901 3417 1096 3480 demereretur,
1113 3434 1163 3470 non
1180 3415 1277 3489 simpli-

181 3484 245 3537 citer
266 3484 418 3571 ἱερώτατον
439 3486 647 3569 sanctissimum,
675 3486 719 3569 qui
745 3488 813 3539 aoiet
835 3484 925 3570 titulus
951 3485 1079 3555 episcopis
1103 3486 1196 3569 tribui,
1220 3484 1276 3568 'sed

180 3554 837 3695 tttmtttttttt.“tt¹ttttn”titii
856 3554 988 3693 titt?
1005 3563 1145 3676 tritt
1167 3570 1277 3676 titt

181 3692 294 3758 Augusto
317 3694 463 3746 tacuitstem
488 3692 544 3745 eins
566 3693 750 3759 conveniendi,
775 3694 948 3746 comniatums
962 3641 1134 3757 werinum,
1156 3692 1178 3743 ai
1200 3690 1277 3743 daret

182 3760 1277 3903 ttttttiinitamini?Ptssttttit‘ntttttt‘ttt:

181 3896 233 3948 tiae
248 3897 274 3950 in
290 3916 363 3953 omne
380 3905 480 3969 ternpus
501 3901 526 3952 ci
548 3900 689 3953 debitorem
705 3902 778 3965 iore,
802 3900 825 3953 si
847 3900 896 3953 boc
918 3898 967 3953 sibi
984 3906 1070 3951 votnm
1093 3914 1125 3950 ex
1148 3896 1277 3951 sententia

180 3964 304 4020 conficiat.
339 3969 380 4022 his
396 3968 539 4051 Ephesium
553 3969 636 4022 literis
653 3970 766 4039 acceptis
788 3969 905 4039 guaviter
928 3966 1111 4037 persistendum
1133 3968 1226 4021 statuit
1248 3966 1275 4021 in

177 4034 335 4089 eimuiatione
351 4036 488 4091 amicitiae.
523 4038 572 4091 atsi
589 4054 617 4090 er
637 4056 652 4090 o
668 4038 789 4103 muitum,
812 4056 859 4092 nec
876 4052 981 4107 prorsus
1000 4035 1165 4089 familiaribus
1183 4037 1276 4090 ubaru-

178 4120 249 4170 run,
270 4104 297 4158 in
322 4106 378 4159 eius
400 4106 503 4177 penitus
520 4108 602 4160 auimo
639 4108 747 4177 agrabst
769 4123 880 4161 arcanae
902 4106 928 4158 in
946 4106 1057 4157 Veccum
1075 4104 1225 4159 offensionis
1243 4106 1277 4158 ob

177 4190 258 4243 super
275 4183 366 4243 pcata,
382 4175 563 4243 imperatorem
579 4184 664 4230 tamen
680 4176 760 4241 adiit,
786 4184 814 4230 et
830 4174 946 4245 exposito
962 4175 1125 4259 patriarchae
1140 4174 1276 4239 desiderio,

177 4249 206 4295 ut
223 4241 249 4296 ei
269 4244 341 4315 quod
364 4244 485 4313 cupiebst
504 4245 651 4316 indulgeret
673 4245 808 4317 persuasit.
843 4244 984 4299 aversionis
1006 4260 1086 4315 porro
1109 4242 1235 4315 Ephesini
1259 4258 1290 4301 a.

860 4483 868 4517 i
