3125 4900
428 107 507 176 ua
522 106 583 193 nr.
620 59 989 180 onnonomeicus.
1040 141 1044 154 ·
1144 83 1146 91 ’
1184 99 1257 184 ree

499 353 767 434 catur
818 355 925 438 vlt

178 493 244 552 De
255 493 363 574 eclipei
373 492 449 554 rotis
460 513 482 552 n
495 493 633 573 Gregora
645 505 827 572 memorata,
849 515 914 576 qua
930 494 1071 554 etnbiiita
1083 491 1230 555 Ῐαταίτααα

531 578 729 662 chronologia
735 581 896 661 firmatur.

249 697 273 760 I.
315 695 465 764 Hactenne
483 700 708 779 chronologiam
729 707 863 761 nortram
881 695 1020 758 indicatia
1042 717 1061 756 a
1075 697 1257 780 Pachymera

142 780 410 866 characteribae,
440 798 585 869 quantum
611 785 722 862 licuit,
753 784 945 848 munivimus.
992 804 1054 844 non
1086 795 1132 845 eet
1153 797 1253 846 autem

140 867 337 946 negligenda
353 875 559 956 opportunitae
579 891 669 954 qnam
685 870 772 932 nobie
788 869 940 951 benignam
964 855 1051 930 offe'rt
1066 866 1185 948 inaignia
1203 870 1256 930 Ni-

141 951 289 1032 oephori
309 955 457 1037 Gregoree
476 961 560 1020 loom
579 956 711 1018 eiaedem
730 956 850 1016 coelesti
874 973 991 1034 quoque
1012 953 1115 1014 aclaria
1132 953 1254 1028 maximi

143 1037 286 1116 deliquii
302 1039 439 1123 euffragio
451 1045 645 1106 roborandae.
686 1042 789 1103 amitit
801 1040 827 1102 ir
839 1049 943 1100 auctor
957 1038 1105 1100 Hirtoriae
1118 1057 1190 1098 auae.
1199 1039 1255 1105 l.4

141 1143 182 1204 p-
203 1123 250 1190 51
260 1123 412 1204 edliaeii,
422 1141 579 1210 goatqnam
591 1127 725 1190 narravit
738 1126 954 1187 abdicationem
968 1125 1116 1198 Germani,
1137 1122 1255 1204 lotophi

143 1209 403 1289 subrogationem
422 1215 456 1275 in
471 1217 534 1276 eina
553 1215 670 1293 locum,
690 1223 721 1273 et
732 1211 839 1276 abhoc
851 1211 1000 1273 neutum
1012 1209 1184 1290 imperatori
1195 1209 1256 1268 ni-

142 1294 259 1355 chaeii
281 1296 450 1380 Palaeologo
469 1301 648 1364 eolun'onenr
665 1297 859 1359 anathematio
880 1317 941 1377 quo
962 1294 1078 1356 dudum
1099 1294 1199 1354 suerat
1215 1293 1254 1352 ab

144 1381 289 1442 Araenio
305 1381 463 1444 devinctae
476 1386 514 1446 ob
530 1393 720 1448 exerendum
732 1384 872 1444 loannem
882 1381 1044 1463 pupillam,
1063 1379 1182 1456 scribit,
1202 1378 1254 1439 in-

145 1485 269 1546 quam,
290 1466 322 1526 in
340 1467 424 1529 hunc
443 1471 582 1532 modum:
604 1465 680 1534 uerri
696 1472 806 1532 τοῦτον
826 1463 881 1532 riv
900 1459 1009 1572 goo'vov
1023 1459 1253 1546 inroeirnoevrf

147 1545 275 1631 σελήνη
290 1548 344 1616 niv
354 1550 443 1635 ἥλιον
456 1553 524 1639 ἄρτι
543 1552 601 1637 τήν
621 1559 683 1618 ταῖν
701 1548 837 1635 διδύμαν
849 1574 991 1631 ττταρτηα
1003 1542 1253 1633 παραλλάττοντα,

146 1635 231 1716 περὶ
251 1633 334 1716 ὄραα
354 1636 412 1721 πρὸ
430 1643 615 1722 μεσημβρίας
633 1639 737 1724 τρίτην
759 1642 815 1722 τῆς
839 1639 976 1716 εἰκοστῆς
992 1633 1127 1716 πέμπτης
1139 1632 1253 1715 ἡμέρας

63 1790 64 1799 ¹
145 1725 218 1785 roei
233 1724 336 1802 μαῖαν,
356 1729 413 1787 τοῦ
425 1721 519 1809 ‘seor‘
540 1726 634 1800 iecor.
675 1715 780 1804 denir
795 1713 890 1804 οὖνὴ
901 1726 984 1786 πᾶσα
998 1719 1129 1799 ἔκλειψις
1143 1713 1254 1782 doneri-

63 1816 64 1821 ’
148 1812 223 1870 trev
248 1805 365 1889 ἔγγιστα
384 1809 585 1889 doeeeidrna,
613 1809 759 1873 τοσοῦτον
781 1805 815 1872 ii
829 1803 905 1872 need
925 1802 976 1870 riv
991 1803 1081 1886 aton
1095 1808 1150 1884 τῆς
1163 1803 1255 1868 intei-

148 1907 248 1970 meror,-
259 1886 369 1972 χρόνον
379 1889 509 1977 iyrgo'vn
521 1891 555 1960 ri
574 1887 680 1969 σκότος
695 1891 766 1976 περὶ
782 1889 839 1973 reio
858 1896 917 1976 γῆν
933 1889 976 1966 oio
986 1889 1039 1953 eet
1052 1885 1182 1964 πολλοῦς
1193 1893 1257 1952 ταῖν

150 1971 295 2055 dordone
308 1981 453 2058 φανῆναι.
494 1980 551 2040 eud
565 1985 622 2039 troc
636 1991 754 2059 tenpne
768 1978 944 2038 obecnrnvit
961 1977 1039 2034 luno
1054 1975 1146 2034 eolern
1158 1995 1257 2054 quor-

149 2072 228 2120 trom
244 2062 438 2122 Geminorum
452 2067 702 2124 transmittentem
712 2060 861 2144 grodurn,
883 2065 968 2122 circo
987 2061 1095 2120 deornm
1115 2071 1185 2118 onte
1197 2079 1257 2116 rne-

63 2148 64 2171 ³
151 2145 272 2205 ridiern
287 2150 409 2206 tertiam
426 2152 601 2230 quintnenc
615 2151 778 2230 rigeeimne
790 2147 853 2208 diei
865 2149 957 2222 Maii,
978 2148 1056 2204 unni
1065 2145 1159 2210 6785·
1182 2143 1256 2223 suit

63 2228 64 2231 ’
142 2252 251 2312 porro
267 2242 333 2291 toto
351 2234 471 2312 eclipeie
487 2233 658 2316 digitorum
669 2235 808 2314 proxime
826 2227 995 2292 duodecim.
1036 2241 1142 2288 tantae
1155 2239 1256 2288 autern
1334 2280 1337 2294 ι

150 2317 213 2376 auh
230 2315 367 2377 medium
381 2317 510 2400 deliquii
520 2331 634 2399 tempere
646 2320 783 2379 tenebrae
800 2321 883 2379 circo
898 2328 1010 2377 terram
1029 2317 1202 2391 extiterunt,
1222 2323 1258 2372 ut

150 2414 182 2463 et
193 2403 317 2463 multoe
330 2404 489 2465 etellcrurn
502 2415 690 2487 apparerent.
731 2404 773 2464 ita
793 2403 938 2483 Gregoraa
953 2400 1095 2461 deacribit
1113 2398 1257 2480 insignem

148 2508 285 2569 proreua
308 2497 340 2546 et
362 2488 544 2550 horrendam
570 2490 639 2549 eolie
664 2489 856 2548 desectionem
878 2485 1131 2567 contantinopoli
1159 2486 1254 2545 viram

148 2572 246 2655 paulo
263 2579 420 2648 antequem
434 2581 680 2633 exauctoraretur
700 2574 865 2632 Germanus
881 2578 912 2630 et
924 2569 1066 2648 Iosephus
1080 2568 1112 2627 in
1128 2570 1190 2627 eiua
1203 2569 1254 2628 lo-

148 2677 222 2719 cam
244 2656 475 2717 anbatituendne
494 2659 659 2737 eligeretur.
701 2656 783 2734 qaod
795 2664 957 2733 utrumque
978 2654 1030 2713 illo
1049 2672 1127 2711 anno
1141 2674 1159 2712 a
1174 2654 1254 2712 Gre-

151 2764 226 2825 gora
237 2741 374 2801 indicato
388 2760 473 2801 aerae
488 2743 669 2802 Graecorum
685 2740 779 2816 6785,
796 2739 855 2800 hoo
867 2745 913 2799 eat
925 2756 1010 2797 aerae
1022 2746 1142 2797 metrae
1160 2742 1252 2813 tter,

153 2828 292 2891 eveniaae
311 2847 365 2887 noa
381 2846 498 2905 qnoque
519 2827 709 2887 ostendimur
719 2824 854 2905 ruperint
866 2844 898 2885 n.
911 2828 932 2888 2
946 2842 971 2883 e.
985 2828 1014 2887 6.
1057 2842 1148 2902 quere
1158 2822 1185 2881 ai
1195 2822 1253 2881 de-

154 2922 326 2975 monetrare
345 2913 528 2992 potuerimua
545 2912 608 2972 tide
627 2911 797 2971 tabularum
816 2920 847 2970 et
865 2909 1027 2971 ratiociniia
1046 2906 1251 2969 astronomicis

152 2999 225 3059 eoiie
239 2997 401 3079 deliquium
413 3008 475 3058 tam
494 2997 625 3058 notabile
638 2998 669 3058 in
681 2996 758 3056 urbe
769 3004 831 3054 tam
849 2994 994 3073 frequenti
1007 2993 1085 3054 circa
1098 2994 1251 3055 meridiem

144 3092 338 3164 -apectatum3
359 3104 429 3143 conr
447 3084 583 3143 omnibne
601 3082 663 3142 eiua
685 3082 855 3142 memoratis
868 3080 1109 3157 circumstantiia,
1136 3079 1188 3139 illo
1200 3096 1252 3139 re-

63 3177 64 3180 ’
157 3186 230 3228 vera
245 3168 336 3228 fuine
359 3169 546 3229 coniminum
564 3188 658 3241 anno,
685 3187 773 3227 nemo
788 3188 850 3227 non
864 3165 949 3227 videt
960 3186 1098 3245 magnum
1111 3164 1182 3227 inde
1194 3164 1250 3225 fir·

156 3262 341 3315 momentum
361 3274 545 3314 aoceaaurum
563 3263 594 3315 et
608 3252 771 3315 ratiocinii·
787 3250 897 3313 nostrie
911 3259 941 3310 et
958 3251 1026 3311 fidei
1039 3250 1252 3311 hiatorieorum

159 3357 288 3417 qnorum
301 3342 477 3400 auctoritate
490 3340 624 3402 nitimur.
664 3336 739 3397 haec
753 3358 801 3398 me
823 3356 888 3417 epea
900 3335 1019 3417 impulit
1033 3336 1072 3396 ed
1083 3336 1251 3415 rogandum

158 3442 213 3501 per
232 3424 333 3489 literae
352 3426 388 3484 R.
403 3426 435 3485 P.
450 3424 588 3485 Iacobum
611 3424 767 3483 Grantami
788 3421 935 3483 rocietatie
957 3430 1090 3496 annae,
1118 3420 1252 3481 Lutetiae

159 3507 335 3569 Parisiorum
345 3509 509 3590 degentem,
523 3520 560 3570 ut
574 3509 745 3588 dignaretur
755 3506 841 3569 ntiae
849 3507 963 3587 eclipeia
984 3506 1112 3567 calculoa
1130 3525 1252 3585 ponere.

159 3592 228 3651 iecit
245 3592 295 3651 iile
317 3614 445 3673 pro-ene
465 3604 496 3654 et
517 3596 683 3656 eruditione
702 3604 733 3653 et
746 3592 932 3655 humanitate
949 3592 1167 3673 praeatantibue
1180 3592 1251 3653 diii-

159 3674 331 3755 gentieaime,
350 3690 441 3760 prout
452 3698 490 3740 ax
501 3681 563 3739 eine
577 3680 617 3739 ad
632 3700 680 3739 me
692 3680 790 3756 mirra,
806 3698 895 3759 quam
907 3678 957 3739 hic
971 3678 1143 3754 adscribam,
1164 3696 1253 3738 exer.

158 3759 299 3822 citatione
313 3765 506 3825 astronomica
519 3764 640 3845 patebit

236 3844 276 3907 li.
316 3849 416 3909 iacobi
434 3852 590 3911 Grautami
613 3850 789 3913 eeocietate
809 3852 876 3913 laen
896 3848 1081 3933 epiiogirmna
1102 3846 1249 3909 novilunii

160 3928 284 4008 ecliptici
302 3954 380 3995 anno
404 3935 514 4007 cerini
537 3940 628 4013 1267,
647 3940 698 4005 25.
719 3936 788 3997 Maii
794 3981 804 4013 ,
824 3937 910 3997 iuxta
931 3933 1247 3996 tabulaaaubeidiariaa

160 4013 330 4077 Rndoiiinaa
352 4020 391 4080 ad
413 4021 609 4081 meridianum
626 4022 1162 4105 Conatantinopolitanumrevecntae.
1190 4038 1245 4079 an-

161 4100 309 4166 nornen
319 4108 483 4170 communie
490 4152 502 4189 ‚
528 4126 590 4171 non
603 4108 769 4179 biaraxtilie.
973 4156 980 4190 ‚
