3125 4900
603 213 684 283 ΗΒ.
705 214 748 284 ll.
787 215 942 285 NOTAE.
1244 219 1321 289 dee

91 422 97 455 r
218 376 394 437 abstinuisse
418 376 456 437 ab
476 396 512 437 eo
533 348 704 453 evehendo,
733 386 817 439 rnatu
836 398 875 441 ne
894 380 920 439 ia
937 378 1120 441 monentibus
1132 345 1321 443 insolesceret

218 484 312 539 usquc
336 463 376 522 ad
402 465 549 523 ambitum
574 482 728 543 supremae
757 466 934 543 potestatis,
966 475 1072 526 namot
1100 464 1267 545 Acropolita
1292 490 1318 529 c.

216 548 294 608 Hist.
308 548 360 621 50,
374 548 542 627 significans
554 548 668 609 lrenem
685 546 836 609 Theodori
851 550 981 611 lunioria
995 550 1128 611 honeris
1140 552 1319 630 primogeni-

214 643 278 693 tem
293 632 430 692 Michaeli
451 634 540 695 luisse
563 634 741 693 destinatam
764 635 802 693 sb
823 656 881 694 avo
896 637 1067 715 coniugem,
1089 634 1142 694 aed
1160 637 1319 697 altimenti

216 718 299 796 quod
318 718 397 794 dixi,
426 719 523 779 tutius
544 719 652 779 deinde
670 720 768 781 visum
789 740 852 779 non
878 721 1038 781 admovere
1057 721 1112 779 sibi
1132 728 1194 781 mm
1213 722 1318 781 intime

89 858 93 875 ,
215 812 368 883 suspectae
388 804 556 863 ambitionis
576 806 686 865 virum.
730 804 858 882 denique
878 806 935 864 ista
957 806 1085 887 auspicio
1098 806 1167 864 lons
1183 808 1318 867 omnium

89 880 91 893 ’
215 909 291 967 quas
315 898 361 948 est
383 887 549 969 imperante
572 890 731 949 Theodoro
754 890 898 970 plurimas
917 912 1035 970 passus,
1056 890 1241 949 miser-ianua
1256 893 1316 950 Pa-

89 968 95 979 '
214 972 348 1052 laeologo
367 972 503 1035 Michaeli
523 976 596 1050 luit,
618 974 678 1035 hoo
701 975 770 1035 ideo
790 976 875 1051 loeo,
895 977 977 1035 unda
991 978 1055 1035 eius
1065 975 1169 1053 incipit
1180 974 1317 1052 historia,

213 1059 321 1117 merito
335 1080 351 1117 a
364 1058 544 1141 Pachymere
558 1060 707 1121 indicatus
714 1104 723 1137 ,
745 1080 814 1120 eum
827 1080 867 1119 ax
881 1081 917 1120 ao
929 1062 1138 1142 plerarumque
1150 1080 1223 1119 mox
1237 1062 1318 1121 rele-

213 1144 376 1205 renderunr
390 1166 492 1207 rerum
506 1154 712 1225 argumentum
725 1146 910 1225 processerit

88 1296 89 1303 ,
296 1236 410 1309 P·22v.
418 1234 449 1295 3.
477 1232 649 1311 singularis
665 1234 841 1289 certaminis
855 1234 1060 1313 experimento.
1086 1229 1158 1289 lrinc
1171 1228 1316 1291 babemus

88 1318 90 1325 '
212 1313 294 1391 apud
313 1316 441 1377 Graecos
453 1336 572 1395 quoquo
585 1316 778 1396 imperatores
790 1316 951 1376 invaluisse
961 1336 1048 1377 usum
1056 1315 1202 1395 purgandi
1209 1315 1316 1375 dubias

88 1468 91 1481 y
213 1398 374 1460 delationes
388 1402 530 1479 permisso
538 1411 589 1462 aut
603 1403 693 1463 etiam
700 1403 885 1483 praescripto
896 1403 977 1461 inter
986 1410 1189 1461 accusator-cm
1196 1410 1226 1459 st
1234 1400 1315 1459 delu-

88 1482 90 1557 ἦ
212 1492 278 1543 tum
288 1488 449 1545 certamine
461 1506 561 1547 noram
571 1488 699 1547 arbitris.
720 1488 878 1547 verisimile
888 1496 933 1546 eat
943 1488 1155 1547 istummorem
1167 1487 1200 1545 in
1208 1487 1314 1546 Orien·

88 1578 93 1591 '
212 1578 273 1627 tem
285 1572 466 1631 invectuma
480 1572 616 1649 Francis,
636 1574 686 1651 qui
702 1574 855 1632 occasione
865 1592 1017 1633 somnum
1030 1571 1260 1651 Expeditionum
1277 1592 1313 1631 eo

87 1644 92 1679 ³
210 1655 337 1735 proiecti
345 1656 431 1737 longo
446 1657 508 1717 illio
516 1668 648 1737 tempore
659 1658 865 1738 perstiterunt.
888 1656 921 1717 in
933 1657 1094 1735 antiquiori
1105 1657 1184 1715 enim
1197 1676 1313 1715 memo-

87 1730 94 1765 ξ
209 1740 256 1799 ria
271 1742 452 1801 Graecorum
467 1754 519 1803 aut
535 1746 739 1803 Romanorum
752 1742 835 1803 haud
847 1744 933 1803 sacile
949 1743 1112 1822 quidquam
1122 1742 1183 1800 tole
1195 1761 1314 1819 sapere.

209 1825 260 1889 ris.
282 1827 360 1887 inter
373 1828 504 1889 Francos
515 1838 613 1888 autem
627 1828 854 1889 usitatissimum
871 1828 905 1888 id
919 1828 989 1887 olins
1003 1829 1068 1904 luit,
1088 1836 1124 1888 ut
1136 1828 1244 1906 passim
1257 1847 1313 1906 sp·

87 1903 92 1935 ·'
196 1921 297 1992 ‚paret
311 1931 349 1972 ex
363 1913 512 1976 veteribus
529 1913 661 1973 historiis
674 1932 722 1973 res
737 1933 841 1974 eorum
852 1912 1061 1973 tractantibus.
1092 1911 1142 1970 bic
1159 1911 1252 1987 ritus,
1273 1913 1313 1971 de

86 1996 95 2027 ⁵
210 1999 341 2076 quoluse
353 1998 579 2059 dissentnoster
588 1998 685 2057 Delrio
698 1998 846 2076 Disquisit.
854 1998 1038 2076 Magictom.
1050 2002 1080 2071 2,
1088 1998 1196 2055 merito
1205 1996 1312 2055 deinde

86 2097 95 2113 '
209 2084 366 2161 abrogatus
375 2094 462 2144 estut
475 2084 793 2160 iniustusetimmanis‚
808 2083 1018 2143 oonfixuaideo
1026 2081 1203 2161 gravissimis
1211 2081 1312 2141 decre-

86 2166 88 2199 ;
209 2168 248 2227 tis
266 2168 333 2227 lulii
347 2169 477 2229 Secundi
490 2170 596 2230 summi
612 2168 770 2247 pontificia,
786 2170 869 2229 cuius
886 2168 971 2229 Bulla
984 2177 1115 2227 estates
1132 2166 1170 2225 de
1182 2186 1216 2224 re
1229 2166 1313 2225 edita

88 2258 92 2265 '
207 2273 307 2313 mense
314 2253 408 2335 Aprili
417 2253 720 2329 ann-1508,Concilii
733 2254 902 2314 Tridentini
909 2274 977 2313 sesa.
988 2254 1028 2317 25
1043 2252 1080 2311 de
1093 2254 1247 2313 reformo.
1260 2256 1311 2327 19,

86 2336 94 2371 ·'
208 2340 342 2419 Gregorii
359 2346 398 2405 13
420 2340 640 2401 Constitutione
657 2359 733 2418 quae
746 2340 868 2420 incipit:
895 2338 941 2399 nd
958 2336 1129 2397 tollendum
1148 2347 1202 2401 etc.
1226 2335 1307 2396 edita

85 2425 93 2458 ²
207 2430 228 2488 9
244 2427 310 2492 Dec.
328 2447 376 2486 an.
394 2426 486 2492 1582.
506 2424 613 2506 quibus
625 2424 739 2486 dudum
753 2437 842 2486 antea
854 2424 1021 2506 praeiverat
1032 2421 1170 2484 Nicolaus
1183 2421 1206 2498 l,
1223 2422 1309 2482 errius

208 2511 246 2571 de
259 2511 319 2571 lroo
331 2520 444 2572 smtuta
454 2514 567 2573 insuta
582 2512 701 2592 corpori
715 2513 942 2590 iurialeguntur
955 2516 977 2575 2
992 2531 1021 2589 q·
1037 2508 1194 2584 4et15q.
1208 2513 1228 2571 6
1243 2513 1307 2573 ce.

86 2665 87 2670 ἵ
291 2617 321 2657 v.
339 2604 368 2665 6.
411 2619 539 2678 cumque
558 2595 616 2656 din
635 2597 741 2655 nullus
758 2608 835 2656 esset
855 2598 911 2674 qui
930 2615 990 2674 pro
1010 2605 1076 2652 tam
1090 2602 1229 2670 suspecto
1248 2601 1304 2651 etc

85 2689 91 2721 '·
206 2681 280 2742 baec
293 2683 414 2743 bravius
429 2683 603 2763 perstringit
617 2689 735 2757 noster,
757 2680 839 2759 quod
851 2680 891 2738 ad
907 2680 1065 2758 imperium
1078 2677 1196 2745 losnnia
1208 2677 1306 2754 perti-

85 2773 89 2806 ?
204 2776 327 2839 nerent,
349 2788 417 2828 cuns
429 2770 492 2848 ipse
504 2771 535 2828 in
550 2769 609 2828 line
624 2766 825 2846 praeconantis
842 2764 945 2844 capitia
958 2773 990 2823 et
1006 2763 1097 2822 beina
1108 2761 1196 2820 initio
1212 2760 1306 2839 signi·

204 2853 341 2915 ficaverit
354 2873 384 2912 se
397 2856 435 2914 ab
449 2853 574 2934 imperio
590 2852 741 2912 Theodori
753 2870 823 2912 suae
835 2849 978 2910 historiae
989 2847 1167 2928 principium
1183 2845 1304 2909 ducere.

204 2939 291 3018 longe
308 2949 405 3000 autem
416 2940 509 3000 lucius
525 2939 750 3017 distinctiusque
763 2939 851 2997 istam
864 2943 960 2994 totam
972 2931 1124 2992 Michaelis
1138 2930 1304 2990 accusatio-

85 3035 86 3064 ³
204 3045 272 3084 nem
286 3045 321 3084 so
332 3025 496 3106 perieulum
517 3026 642 3105 exponit
654 3044 691 3082 ex
711 3025 830 3085 oculata
844 3020 952 3082 notitia
969 3019 1114 3099 (ὶιοτρίιιι
1129 3015 1304 3096 Acropolita

203 3109 282 3171 Hine
303 3131 330 3175 c.
343 3112 385 3178 50
397 3115 428 3170 et
437 3113 489 3177 51.
510 3130 598 3189 quem
610 3109 739 3170 consule.

288 3216 317 3275 p.
331 3195 374 3259 24
392 3216 422 3257 v.
436 3196 466 3258 4.
508 3195 801 3256 Protlrieracnrium.
843 3192 935 3254 suine
954 3188 1038 3250 hunc
1056 3187 1156 3248 locum
1183 3186 1302 3268 praeci-
1319 3187 1410 3245 Ρ1θ9

201 3300 280 3360 puae
293 3281 460 3360 dignitatis,
481 3291 689 3361 praeterquam
710 3279 783 3340 hinc
803 3287 908 3358 patet,
936 3296 1003 3336 cum
1024 3278 1187 3352 imperator
1200 3271 1301 3332 bomi-
1346 3312 1349 3318 -

201 3386 271 3426 nans
284 3367 415 3445 impense
426 3366 481 3425 sibi
495 3387 596 3429 carum
616 3369 649 3428 in
663 3385 730 3426 eum
744 3363 943 3446 promoverit,
964 3360 1054 3420 etiam
1069 3359 1191 3438 intelligi
1203 3367 1303 3436 potest

201 3471 241 3510 ex
258 3471 383 3511 numero
400 3453 511 3530 ingenti
533 3454 738 3513 ministrorum
764 3451 792 3508 ei
814 3450 1032 3522 subiectorum,
1052 3446 1137 3506 cuius
1155 3443 1301 3503 indicium

201 3536 344 3596 habemus
356 3557 395 3597 ex
410 3539 540 3616 eoquod
559 3539 651 3598 relert
666 3536 839 3616 Acropolita
851 3535 929 3595 lliat.
950 3554 975 3596 c.
989 3536 1029 3598 61
1044 3529 1091 3588 liis
1105 3529 1217 3591 verbis:
1239 3521 1300 3590 eai-

201 3624 270 3684 etse
281 3619 338 3706 peip
355 3619 426 3698 rotie
442 3621 698 3706 ἐξυπηρετοῦντας
709 3629 773 3698 τοῖς
787 3623 960 3702 βασιλεῦσιν
976 3615 1010 3679 ἐν
1031 3612 1145 3696 θήραις
1159 3619 1224 3687 ταῖς
1237 3616 1300 3674 τῶν

200 3711 311 3788 θηρῶν
330 3706 436 3794 ἄγραις
450 3705 574 3790 iloipuv
586 3731 619 3772 τι
639 3707 691 3770 καὶ
708 3710 833 3790 χοίρων,
860 3704 913 3767 nal
936 3698 1009 3775 rode
1030 3695 1062 3764 d’
1086 3693 1217 3800 ἱερᾶκιρν
1237 3704 1298 3777 θη·

200 3788 361 3874 peiorare,
389 3790 505 3868 πάντας
527 3793 714 3870 ἁπαξαπλῶς
733 3794 954 3872 στρατιωτικοῖς
977 3783 1133 3866 cumirago
1158 3801 1298 3865 ταγμασι,

200 3876 254 3940 καὶ
266 3869 307 3956 ἦν
320 3877 353 3941 ad
367 3878 554 3962 συνηγμένοι
566 3885 687 3960 πλῆθος
699 3874 788 3942 nolti.
825 3875 901 3935 baec
911 3875 971 3948 ille,
994 3871 1151 3948 exquibus
1164 3869 1298 3949 prudens
1359 3942 1362 3951 Ι

198 3963 296 4040 quivis
311 3973 412 4043 potest
425 3985 599 4044 cognoscere
609 3967 757 4044 ingentem
764 3963 854 4023 luisse
866 3957 1090 4021 multitudinem
1104 3954 1298 4052 servientium

200 4049 373 4128 imperatori
400 4052 433 4110 in
459 4052 668 4112 venationibus
692 4068 852 4112 cervorum
877 4062 1095 4126 aprorumque,
1123 4049 1299 4122 praesentem

200 4143 301 4196 antem
313 4136 345 4194 in
365 4137 493 4218 aucupio
505 4159 560 4218 per
573 4137 742 4217 accipitres,
764 4133 886 4212 quando
899 4151 938 4191 ax
948 4129 985 4188 iis
999 4127 1038 4188 ad
1051 4126 1186 4188 nitidam
1196 4135 1299 4187 nons-

200 4220 269 4280 latis
286 4241 408 4300 magnus
421 4225 570 4284 exercituo
582 4233 733 4284 momento
749 4220 897 4280 conssatua
911 4215 1022 4275 music
