3125 4900
269 253 343 330 288
586 249 761 319 GEORGII
784 247 1048 316 PACHYMERIS

266 419 395 510 πόσχοι,
426 423 477 490 καί
497 421 542 505 μὴ
561 417 658 506 μόνον
677 418 724 498 οἷς
743 416 830 488 εέπον
842 421 873 486 oi
889 414 1083 495 κατειπόντες
1094 416 1181 502 ἠξίου
1195 420 1363 506 προσίχειν,

267 528 348 594 ἀλλὰ
367 526 417 592 καί
432 523 601 610 ἐπήκουον
616 524 655 590 όν
672 523 753 611 παρ’
771 523 869 590 αὐτοῦ
887 524 969 610 είπερ
985 523 1134 609 ιένίφερον
1150 520 1230 600 ὅλως
1245 551 1366 610 προση-

270 635 335 709 ξίου
350 639 484 708 σκοπεῖν,
511 631 537 694 εί
548 630 593 712 μὴ
606 627 760 713 ἐπείχοντο
775 627 945 714 ἐμβριθεῖς,
965 630 991 692 εί
1004 626 1050 710 μὴ
1064 628 1114 692 καὶ
1127 623 1265 712 μεγάλως
1278 627 1365 712 ἠπει-

269 741 379 800 λοῦντο
409 727 595 812 κολάζεσθαι
625 733 703 818 πρὸς
729 737 827 813 θεοῦ,
864 731 1083 816 ἐπιχειροῦντες
1105 727 1195 806 όλνις.
1248 733 1299 796 καί
1324 728 1367 808 ὡς

231 847 256 898 Ι)
275 843 298 875 “
304 841 406 912 καλῶς
419 833 457 900 ir
465 835 485 867 ”
503 833 601 919 ἐλεχεν
623 831 946 919 ((ἠρχιερατεύσαμεν,
973 823 1069 920 φόνον
1082 839 1127 920 τῷ
1138 839 1263 927 βασιλεῖ
1272 846 1391 902 συντ-5

271 941 449 1028 φαίνοντες,
477 938 512 1002 οἳ
524 937 563 1021 δὴ
581 939 631 1002 καὶ
647 938 679 1003 ἐν
693 939 820 1028 ἐσχατιᾷ
832 934 931 1025 ταύτῃ
946 936 1217 1022 παραρριφθίντες
1231 936 1306 1004 θεὸν
1325 940 1368 1014 είς

270 1042 364 1109 καλὸν
378 1043 564 1127 ἐπειλῆφθαι
576 1047 632 1123 τῆς
643 1040 755 1106 ἐκείνου
767 1046 872 1124 ψυχῆς
884 1037 1064 1122 ἶκετεύομεν,
1090 1037 1148 1104 κόν
1162 1043 1273 1115 ἐκεῖνος
1288 1047 1366 1128 λιμῷ

271 1149 323 1212 καλ
344 1146 428 1227 δίψει
453 1143 505 1209 ἐπ’
529 1146 656 1229 ἐρημίας
678 1141 721 1220 ὥς
746 1145 930 1219 καταδίκους
956 1139 1143 1210 αέπόλλυσι.”
1194 1149 1294 1209 ταῦτα
1314 1147 1368 1209 καὶ

269 1247 400 1315 τοιαῦθ’
417 1247 505 1330 ἐτερα
520 1247 551 1312 ἐν
568 1243 664 1334 ὀδύνῃ
677 1253 783 1331 ψυχῆς
795 1248 845 1312 καλ
860 1247 965 1336 πικρίᾳ
981 1242 1138 1328 ἐξενεχκοόν
1146 1294 1158 1326 ,
1185 1245 1226 1310 τὰ
1238 1247 1294 1328 μὲν
1307 1245 1367 1312 αύ-

270 1359 315 1441 τῷ
336 1356 458 1431 βασιλεῖ
476 1349 517 1416 τὰ
539 1352 574 1415 δέ
596 1353 647 1415 καί
663 1357 708 1439 τῷ
722 1352 753 1427 ἐς
767 1349 821 1414 τόν
835 1345 951 1434 θρόνον
971 1345 1158 1414 καταπίνει
1174 1352 1364 1435 προσονειδί-
1374 1364 1408 1417 10

271 1480 347 1535 σας,
374 1451 394 1536 ἢ
415 1455 466 1518 καί
486 1448 731 1534 ἐποικτισάμενος
752 1458 891 1534 μᾶλλον,
919 1451 1103 1535 ἀπίαεμπεν.
1154 1449 1241 1535 ἡμεῖς
1260 1454 1295 1516 δὲ
1314 1455 1367 1518 καλ

233 1551 371 1632 lici-‘irc
392 1562 447 1640 τῆς
467 1553 658 1638 ἐπελθούσης
685 1554 804 1642 ἧμίρας
823 1551 1066 1643 προσελθόντες,
1101 1557 1153 1621 καί
1175 1553 1247 1621 ὅσον
1266 1547 1304 1638 ἦν
1324 1555 1365 1620 τὰ

271 1661 535 1744 προσανακείμενα
556 1658 779 1739 ἐκτελίσαντες,
807 1658 1015 1745 όφιαρμοῦμεν
1036 1664 1093 1724 τοῦ
1109 1659 1227 1740 λιμένος
1241 1657 1360 1738 αὐτίκα,

272 1766 323 1832 καὶ
346 1769 402 1829 τοῦ
424 1762 537 1848 βορίου
561 1767 705 1847 λαμπροῦ
720 1764 962 1844 καταβαίνοντος
977 1761 1029 1826 διό
1041 1767 1104 1827 τῶν
1120 1761 1199 1827 κατὰ
1212 1758 1298 1828 δύσιν
1308 1766 1365 1845 τῆς

270 1863 365 1950 νήσου
384 1872 487 1951 μερῶν
508 1861 704 1948 ἀνεκτότερον
720 1863 882 1949 ἡγούμεθα
902 1863 1000 1932 πλέειν
1016 1864 1284 1948 ἐπισκεπτομίνανς
1300 1874 1406 1942 reio-15

270 1969 382 2054 όρεσιν.
435 1969 515 2034 ἀλλὰ
528 1975 648 2051 μᾶλλον
662 1966 679 2034 ὃ
693 1967 815 2035 κλύδων
827 1968 967 2054 μίχιστος
978 1971 1166 2054 ἐπηγείρετα,
1195 1971 1246 2034 καί
1261 1968 1367 2034 ὤδινεν

272 2069 290 2154 ἦ
314 2071 463 2140 θάλασσα
483 2072 576 2138 πλίον
583 2122 594 2152 ,
620 2075 670 2138 καί
689 2079 734 2159 τῷ
749 2078 780 2139 Γ
777 2071 970 2158 αληνολιμίυι
983 2069 1072 2154 μόλις
1086 2069 1293 2156 προσσχόντες
1310 2071 1368 2154 τὴν

196 2223 199 2229 ·
269 2183 366 2256 ναῦν,
393 2174 410 2241 ὃ
434 2175 473 2258 δὴ
494 2178 544 2240 καί
563 2180 595 2241 Γ
593 2175 781 2259 αληλολνμὴν
795 2177 956 2250 ἰδιωτικῶς
971 2174 1001 2240 oi
1018 2172 1172 2259 ἐπιχώριοι
1187 2177 1366 2261 παραφθεί-

270 2304 375 2363 ρσντες
389 2277 528 2363 λίγοσσι,
554 2275 697 2361 μεχόλσις
711 2278 804 2343 ἐκεῖσε
823 2284 968 2365 φοβεροῖς
989 2276 1185 2360 ἐνετύχομεν,
1211 2277 1283 2342 κατ’
1300 2277 1364 2343 είσ-

163 2391 185 2442 Ρ
204 2389 253 2443 195
271 2385 380 2468 πραξιν
401 2377 485 2462 οίμαι
506 2387 562 2446 τοῦ
575 2379 620 2463 μὴ
635 2379 705 2462 μετ’
721 2380 859 2467 εύλοχίας
873 2380 1071 2465 ἀπολυθῆναι
1089 2388 1144 2446 τοῦ
1161 2376 1405 2465 πατριόρχου.20

269 2483 286 2549 ὃ
309 2484 348 2567 δὴ
370 2486 422 2547 καὶ
440 2483 534 2567 ἤθελε
554 2485 610 2566 μὲν
634 2484 761 2560 ἕκαστος
778 2484 837 2549 ἀνὰ
849 2484 960 2571 μίρος,
989 2483 1031 2563 ὡς
1045 2484 1171 2571 ύστερσν
1185 2480 1361 2571 ὡμολόγουν

335 2648 362 2701 2.
379 2644 443 2715 καλ]
461 2645 509 2702 καλ
526 2640 568 2701 ri?
584 2663 617 2702 en
633 2645 681 2702 sci
698 2647 734 2704 τί.
840 2650 880 2702 11.
901 2644 1138 2719 ἐπεακτησόμενας
1154 2647 1187 2702 P.

268 2790 625 2925 titttt‘tzzisrrttt
632 2785 826 2926 ‚tittdtt
836 2786 1364 2925 tittttt‘tttti’ftttttit:

271 2927 304 2978 de
320 2926 422 2993 negotio
440 2926 586 2995 proposito,
611 2926 679 2995 qnod
696 2925 730 2977 ed
746 2925 870 2994 synodum
888 2927 1028 2989 referrent,
1052 2926 1102 2977 nisi
1118 2942 1175 2977 enm
1196 2925 1317 2993 expedire
1334 2940 1364 2978 se

271 2996 305 3047 eb
322 2994 386 3063 ipsis
404 3012 563 3061 summopere
579 3002 711 3049 consutem
729 2995 755 3047 ri
772 2995 863 3047 muiori
879 2996 968 3064 otique
983 3002 1108 3056 tenerent,
1126 3002 1154 3047 ct
1169 3010 1263 3062 graves
1279 2994 1364 3046 inten-

270 3072 357 3116 tarent
373 3080 390 3115 s
406 3064 455 3116 deo
473 3065 569 3125 minse,
594 3064 617 3117 si
634 3064 787 3134 persisteret
803 3064 830 3115 in
850 3064 1014 3117 contumscie.
1049 3064 1150 3116 tandem
1167 3062 1270 3116 suminis
1286 3079 1364 3115 cons·

270 3134 341 3184 tibus
358 3148 506 3200 responsum
522 3133 666 3201 exprimere
680 3134 856 3214 queiecuuque
879 3134 1047 3201 retegentiom
1070 3133 1144 3185 visus
1166 3132 1259 3185 cedere
1281 3130 1362 3184 “en”

271 3199 1005 3338 {tttot‘tt‘zttr‘ttttt‘t‘‚atttriti
1016 3201 1363 3324 ‘tttttimtttttiti

270 3335 370 3390 insulse
393 3336 469 3389 deum
493 3338 633 3406 propitiurs
647 3356 697 3391 non
714 3354 862 3403 cessemus,
885 3340 1051 3393 obsecrantes
1067 3345 1097 3392 nt
1112 3340 1166 3393 eins
1182 3340 1281 3393 enimse
1297 3340 1364 3391 bene

270 3405 402 3458 consulens
424 3406 592 3472 misereatur,
615 3414 744 3476 utcunque
758 3408 804 3461 iiie
819 3410 887 3461 ierne
902 3425 934 3462 ec
949 3409 994 3461 siti
1010 3426 1057 3461 nos
1071 3412 1146 3463 velut
1161 3416 1242 3463 morte
1258 3408 1362 3471 demnt-

269 3481 310 3528 tos
332 3473 359 3528 in
381 3474 430 3529 hec
453 3473 590 3527 solitudine
612 3476 782 3530 interficiet.”
817 3478 881 3531 heec
907 3484 934 3530 et
955 3477 1081 3531 eiusmodi
1098 3480 1148 3533 elis
1163 3494 1258 3531 suumn
1274 3477 1362 3530 dolore

267 3552 346 3613 etque
362 3542 532 3597 amaritudine
546 3545 621 3597 enimi
637 3548 771 3615 profatus,
790 3548 869 3600 mults
886 3546 960 3600 simul
975 3547 1139 3616 imperaturi,
1155 3547 1227 3601 annul
1245 3547 1272 3598 in
1288 3548 1362 3598 thro-

266 3630 325 3666 num
342 3614 440 3667 intruso
457 3613 612 3680 exprobrsns
630 3620 676 3670 eut
693 3614 776 3684 potius
793 3616 951 3685 imprecsne‚
972 3618 1070 3669 dimisit
1087 3617 1119 3671 sd
1136 3633 1165 3670 se
1182 3614 1281 3669 missos.
1315 3630 1362 3667 nos

265 3689 351 3737 autem
368 3681 411 3734 iiio
427 3682 518 3736 iterum
534 3682 659 3749 postridie
675 3689 808 3748 convento,
826 3690 853 3737 et
870 3686 936 3737 omni
954 3704 985 3738 eu
1001 3687 1070 3755 quod
1087 3685 1184 3755 spersri
1200 3684 1283 3753 potuit
1297 3684 1362 3737 effe·

266 3759 324 3813 cto,
346 3768 362 3803 e
383 3760 462 3820 portu
484 3752 617 3805 confestim
632 3752 765 3818 ταλτίιιοι,
791 3759 819 3805 et
834 3753 919 3808 rsiido
932 3754 1066 3823 ingruente
1081 3755 1165 3808 Bores
1179 3753 1206 3806 in
1222 3753 1362 3806 Occidusru

264 3818 464 3884 insolentem,
485 3818 568 3873 setius
584 3822 701 3874 duximus
715 3822 841 3891 navigero
858 3825 1051 3893 protegentibus
1067 3824 1202 3877 montibus.
1237 3830 1266 3875 ut
1281 3822 1362 3875 veie-

266 3904 335 3941 rnens
360 3899 449 3943 coorto
472 3890 585 3958 procede
604 3897 660 3955 est,
685 3891 854 3961 intumuitque
871 3900 1021 3947 commotum
1038 3893 1144 3963 emplius
1165 3908 1245 3945 mere.
1279 3907 1361 3961 quere

263 3957 348 4010 norim
363 3975 442 4026 segre
458 3958 625 4027 eppiicoimus
640 3958 674 4013 ed
689 3960 771 4013 iocum
788 3961 981 4015 Guimoiimeuu
996 3970 1184 4031 nuncupatum,
1209 3960 1283 4031 qussi
1300 3976 1361 4030 por-

264 4028 318 4075 tum
333 4042 451 4081 serenum
467 4027 574 4083 diceres.
608 4029 711 4083 scmlse
732 4030 820 4098 lingue
840 4029 958 4113 vomeri,
982 4039 1102 4101 corrupto
1119 4040 1209 4083 vetere
1225 4030 1359 4091 ruminio,

264 4092 424 4173 Getiiolimen
445 4096 583 4165 eppeiiout.
617 4100 715 4167 mugnis
738 4098 775 4152 ibi
798 4098 916 4166 periculis
940 4116 1026 4153 snmus
1050 4100 1173 4165 exerciti,
1199 4100 1227 4153 in
1279 4114 1360 4161 enen,

263 4176 368 4228 opinor,
391 4180 441 4216 non
463 4166 560 4231 petitae
581 4175 610 4221 et
634 4176 759 4251 smeptee
781 4185 799 4221 ει
822 4170 970 4239 patrierchs
985 4170 1011 4223 in
1028 4166 1143 4238 digressu
1165 4170 1199 4223 be
1249 4168 1358 4221 redonis.

262 4229 333 4299 quud
348 4230 436 4287 iecere
451 4236 624 4306 unusquisque
639 4236 788 4307 singiliatim
803 4238 930 4303 volueret.
947 4244 977 4292 ut
992 4246 1085 4308 postes
1099 4238 1126 4296 in
1143 4238 1203 4295 msii
1214 4252 1289 4293 nuru
1299 4252 1360 4289 sero
