3125 4900
285 277 336 348 80
602 277 779 346 GEORGII
803 277 1066 345 PAOEYMERIS

247 455 273 509 θ
288 451 346 534 μὲν
367 447 410 528 uic
427 443 561 534 ἀνάχκης
584 446 679 534 οόσης
699 447 756 536 ἐφ’
780 439 820 538 ᾧ
833 451 939 530 διαζῆν
960 448 1108 528 ίκείνους,
1132 447 1168 513 τό
1188 448 1223 514 ἀί
1245 443 1386 534 κρόβιλην

287 553 399 629 νυκτός
415 553 636 634 πεμπομένων,
663 555 712 620 καί
728 551 765 618 τὸ
777 555 880 636 μεῖζον
900 549 1129 637 ἀπορόττοντος
1143 553 1194 617 καὶ
1208 555 1385 633 ζητοῦντος,

287 655 331 733 ἀς
346 651 431 723 οὔπω
446 655 596 742 αίταρκες
607 654 642 723 ἀν
655 657 767 745 ἐκείνῳ,
796 659 823 721 εί
837 652 1055 737 σομβαοιλεόει
1070 662 1114 745 τῷ
1128 661 1260 735 βασιλεῖ.
1284 681 1386 740 πρου-

285 758 417 844 silton>
436 759 496 845 γὰρ
514 755 673 836 κινιίόνους
693 762 744 826 καί
767 755 887 844 φόβους
904 759 1132 845 ίαηρτημίνους
1147 757 1252 846 αὐτῷ,
1277 763 1327 824 καί
1345 760 1385 824 τά

285 869 349 930 τῶν
369 859 592 943 Μουζαλάνων
614 865 731 948 είσῆχεν
756 859 799 940 ὦς
823 861 970 928 κάκείνων
998 861 1098 939 οὕτως
1123 856 1333 928 ἀπολωλότων
1354 866 1413 940 res

288 963 412 1055 φθόνου
419 1015 429 1047 ,
459 967 508 1031 καί
531 965 568 1032 τό
590 973 646 1049 τῆς
662 963 804 1047 ὑποψίας
817 965 916 1031 δεινὸν
930 961 1089 1031 ἀπεδείκνο
1102 961 1145 1041 ὥς
1157 963 1271 1030 αότίκα
1282 968 1389 1032 nardo·

286 1069 404 1137 νεόσων
419 1071 445 1135 εί
459 1071 503 1154 μὴ
517 1070 671 1154 προσέχοι.
725 1067 742 1135 ό
765 1070 800 1134 ἀὲ
821 1065 984 1156 φολοίττιιν
999 1068 1094 1134 ἀλλον
1108 1069 1300 1150 ίπιτραπείς,
1329 1068 1389 1134 cai·

248 1178 273 1232 D
290 1173 342 1250 τὸς
363 1172 496 1248 πολλοὺς
521 1169 768 1260 φυλαττόμενος,
797 1171 854 1239 osis
870 1172 1005 1256 ἔμμονον
1029 1173 1087 1250 ilisa
1105 1179 1149 1262 τῷ
1163 1174 1388 1262 φυλαττομένῳ

285 1277 343 1360 τὴν
359 1275 525 1359 ἀσχολίαν,
553 1280 620 1362 περὶ
639 1274 739 1364 ἑαυτῷ
754 1275 899 1352 δεδοικὼς
914 1275 954 1342 τά
974 1280 1113 1342 πλεῖστα.
1165 1277 1257 1341 παντί
1281 1279 1299 1341 ιλ
1305 1275 1315 1300 '
1336 1277 1389 1359 ἔχ-

247 1386 272 1437 E
289 1389 397 1466 χωρεῖν
411 1383 530 1462 μᾶλλον
547 1377 566 1462 ἢ
583 1377 698 1466 φύλακι
714 1383 839 1445 δεῖσθαι
856 1375 1003 1468 φόλίικος.
1055 1375 1133 1468 (29)
1159 1385 1261 1444 rosires
1282 1380 1334 1445 καί
1347 1378 1388 1445 τά
1397 1398 1432 1450 10

284 1488 416 1549 τοιαῦτα
441 1483 608 1566 προτείνων
627 1483 724 1559 πολάς
738 1475 776 1566 ἦν
791 1485 844 1548 καί
858 1482 895 1548 τό
906 1486 1010 1566 μεῖζον
1024 1488 1258 1566 προοαπαιτάν.
1309 1481 1389 1565 ἀμί-

287 1593 331 1652 λιι
349 1610 397 1651 τοι
410 1587 460 1650 καί
477 1584 560 1662 ὅσοις
573 1582 721 1663 ὑπόπτως
735 1583 793 1669 είχε
808 1586 951 1672 καὶπρὸς
967 1585 1002 1652 τό
1017 1585 1117 1670 παρόν
1130 1585 1389 1670 δυσχεραίνοντας

286 1692 338 1756 καί
352 1687 430 1775 πρὸς
447 1687 482 1753 τό
503 1689 614 1771 μέλλον
629 1689 919 1776 προστησομίνους,
945 1689 1034 1774 ίσχάν
1049 1690 1193 1755 ἐντεῦθεν
1213 1688 1321 1771 λαβὼν
1336 1691 1389 1755 καί

287 1788 401 1878 κρότος
425 1791 501 1875 ἔχων
519 1792 555 1858 τό
577 1792 719 1879 μέγιστον
742 1792 882 1858 ἐκποάιιλν
908 1793 1001 1858 ἐποίει
1007 1839 1019 1872 ,
1054 1792 1129 1869 τοάς
1153 1793 1210 1875 μίν
1229 1789 1390 1869 ἑκουσίους

198 1915 273 1971 Ρ48
289 1893 530 1982 ἀποχωροῦντας
552 1898 604 1962 καί
621 1896 701 1962 καθ’
723 1893 854 1972 isoscele
873 1892 1054 1982 διάγοντας,
1080 1895 1155 1972 roric
1178 1897 1213 1962 tl
1227 1899 1279 1962 καί
1293 1895 1388 1972 αὐτὸς
1396 1913 1429 1967 15

284 1995 485 2086 καθειρχνός,
512 2001 564 2066 καί
576 1997 690 2092 ἀλλους
703 2000 760 2083 μέν
778 1998 936 2084 ἀλλαχοῦ,
964 1999 1019 2070 τόν
1035 2001 1071 2066 δὲ
1088 1996 1332 2085 Τζαμιίντουρον
1345 2003 1388 2076 είς

283 2107 436 2190 Προόοαν
451 2103 669 2181 ἐξαποστείλας
684 2105 738 2168 καί
752 2103 783 2169 οἳ
795 2102 937 2190 φυλακὴν
951 2099 995 2178 ὥς
1008 2105 1183 2190 κατακρίτφ
1195 2101 1388 2189 ἔχκαταστὴα

285 2232 352 2285 σας.
407 2205 437 2272 οἱ
451 2205 488 2270 ἀί
499 2231 531 2292 με
547 2208 759 2294 προσκείμενοι
772 2203 875 2296 τούτῳ
888 2207 938 2270 καὶ
952 2207 1021 2269 λίαν
1034 2205 1067 2270 ds
1083 2207 1201 2271 ίλπίσιν
1216 2200 1298 2290 ἦσαν
1308 2207 1393 2293 mi

352 2386 379 2440 3.
396 2379 495 2453 οὕτω]
513 2378 604 2446 οὕτως
622 2384 653 2438 Ρ.
728 2388 768 2440 10.
787 2378 807 2456 ἢ
823 2385 933 2456 φυλακῇ
951 2382 981 2438 Ρ.
1070 2387 1112 2439 12.
1129 2379 1388 2451 ὅσουςιίαόκτοοςὲ

355 2457 397 2511 17.
415 2452 606 2522 ίξανοστιίλαι
623 2454 662 2521 Ρ,
680 2458 708 2509 et
725 2472 782 2509 mox
799 2450 1008 2526 ίγκαταοτῆοαι.

283 2594 372 2660 inulta,
388 2597 442 2647 tum
460 2592 544 2667 palam
559 2598 613 2647 tum
624 2594 733 2647 occulte.
769 2611 828 2648 nam
843 2599 1023 2667 proeterqnem
1040 2612 1108 2666 quae
1124 2594 1180 2647 dari
1193 2593 1231 2648 eis
1248 2612 1264 2647 e
1282 2594 1387 2664 publico

284 2666 402 2721 solebonl
420 2664 521 2733 publice
538 2680 569 2718 ac
587 2664 660 2732 lsrge
677 2664 843 2731 conserebat3
862 2665 938 2718 etiem
956 2670 1034 2717 noctu
1051 2665 1084 2716 ad
1104 2666 1206 2717 eosdem
1220 2664 1287 2717 dona
1302 2665 1389 2717 missi-

284 2736 377 2800 tabat,
394 2734 556 2789 insusurrans
572 2732 673 2786 interim
690 2751 723 2786 ac
745 2734 839 2787 blande
861 2734 992 2787 insinuens
1008 2734 1119 2785 nondum
1144 2734 1208 2787 satis
1225 2743 1326 2787 cautum
1344 2752 1388 2786 se·

286 2803 393 2858 curlteti
410 2820 486 2868 sose,
506 2818 590 2871 neque
606 2802 676 2873 priua
693 2802 719 2855 ln
737 2812 793 2856 tuto
811 2821 841 2857 se
863 2806 977 2857 futurum
993 2818 1070 2872 quam
1096 2803 1196 2871 imperii
1213 2804 1344 2872 particeps
1361 2808 1389 2855 et

285 2872 396 2943 Augusti
419 2872 517 2955 college
539 2872 686 2956 declaratus
714 2882 792 2925 esset.
827 2874 876 2926 boc
900 2882 930 2925 ut
946 2872 1126 2944 persuaderet,
1150 2871 1280 2941 allegabat
1295 2880 1389 2925 metum

286 2941 1390 3082 trifil¹lt¹lllti²izllln‘llwiltitlilurrttiitu‘tsit

289 3080 392 3133 anxium
409 3080 437 3133 in
455 3083 510 3134 acri
527 3081 687 3135 solicitudine
702 3080 807 3145 vivere,
823 3080 960 3149 perniciem
977 3081 1004 3132 in
1021 3086 1147 3133 momenta
1165 3080 1282 3149 singula,
1307 3081 1329 3132 si
1345 3080 1389 3131 vel
1418 3140 1421 3143 ⁴

288 3150 417 3202 minimum
439 3149 473 3201 de
496 3166 593 3202 summa
618 3148 734 3204 custodia
749 3149 888 3214 remiserit,
910 3151 1049 3205 timentem.
1082 3165 1167 3219 neque
1185 3166 1262 3219 porro
1278 3156 1320 3203 tot
1335 3150 1388 3202 dis·

288 3224 387 3269 tentum
411 3219 598 3287 suspicionibus
622 3220 686 3273 satis
702 3236 779 3288 posse
796 3220 928 3271 commissa
944 3218 994 3271 albi
1010 3234 1072 3270 cura
1089 3220 1251 3273 custodiendi
1264 3218 1387 3290 principis

288 3284 413 3353 defungi,
439 3286 528 3356 utique
551 3306 607 3340 cum
630 3304 746 3355 magnam
769 3288 920 3341 attentionis
945 3304 977 3341 ec
1000 3286 1105 3357 vigiliae
1126 3294 1226 3359 portem
1243 3289 1270 3341 in
1289 3288 1328 3340 sui
1342 3306 1390 3341 ue-

289 3354 425 3409 cessarlnm
447 3356 589 3409 cautionem
612 3356 729 3409 derivare
754 3372 860 3411 necesse
882 3358 985 3412 babeat
1020 3357 1140 3410 niumm
1162 3359 1238 3411 nimis
1261 3374 1320 3410 esse
1343 3376 1390 3410 ae-

288 3430 377 3479 stuare
394 3422 495 3475 assidue
513 3426 580 3476 inter
597 3424 714 3478 diverses
730 3427 811 3479 ollicii
828 3427 922 3495 publici
933 3435 962 3478 et
976 3426 1137 3495 privatorum
1154 3428 1324 3481 discriminum
1341 3444 1390 3479 cu·

287 3510 349 3556 rare
374 3494 442 3545 unde
462 3492 533 3544 illum
558 3492 602 3563 qni
625 3496 722 3547 electus
745 3495 778 3547 ad
803 3496 853 3547 boc
876 3496 911 3548 ait
936 3503 967 3547 ut
988 3495 1098 3548 sulutem
1120 3502 1224 3550 tueatur
1268 3495 1389 3564 rineipls,

286 3564 395 3617 omnium
413 3562 474 3615 undi
493 3580 526 3615 ue
543 3562 602 3616 telis
628 3572 656 3615 et
686 3564 912 3629 innumerabilibus
935 3564 1036 3618 insidiis
1063 3566 1204 3635 expositum
1222 3582 1239 3617 r
1281 3564 1391 3617 maxime

286 3634 370 3703 ipsum
389 3582 516 3703 praesiiio
535 3638 563 3684 et
588 3632 704 3686 excubiis
720 3650 808 3702 egere.
842 3650 925 3703 quare
949 3635 1131 3705 praestabilius
1148 3635 1230 3688 rideri
1245 3634 1327 3685 locum
1344 3651 1390 3687 oe-

289 3704 350 3755 dere
368 3700 473 3755 cuilibet
492 3700 586 3754 volenti
603 3718 679 3773 quarn
696 3704 722 3755 in
746 3721 777 3757 eo
801 3720 899 3772 angore
919 3721 952 3757 ac
974 3712 1102 3758 tormento
1118 3704 1214 3757 vivere.
1248 3704 1308 3769 (29)
1324 3703 1389 3756 baec

286 3773 385 3825 eteius
403 3772 504 3841 generis
521 3772 600 3825 multa
622 3774 756 3842 proferens
777 3774 942 3827 veliementer
957 3773 1120 3829 incumbebat
1134 3774 1162 3825 in
1177 3770 1327 3843 petitionem
1344 3790 1387 3825 su·

288 3844 371 3909 premi
388 3842 501 3895 honoris.
535 3858 613 3911 porro
630 3842 730 3895 interire
746 3858 812 3911 quos
828 3848 962 3914 suspectos
978 3845 1106 3906 bibebat,
1129 3842 1273 3912 quibusque
1292 3840 1390 3895 intelli-

288 3910 368 3977 gebat
385 3911 520 4032 displicere
540 3911 700 3979 praesentin,
718 3912 790 3963 oordi
808 3929 867 3967 esse
882 3930 965 3977 nora,
983 3912 1085 3983 inopes
1101 3913 1243 3964 futororum
1259 3911 1388 3981 inquietas

290 3978 426 4031 imminenti
446 3997 492 4049 us,
516 3996 560 4033 eos
585 3996 647 4033 sene
669 3996 765 4033 summa
785 3998 859 4052 quam
884 3983 1018 4036 obtinebat
1040 3988 1170 4049 potestate
1191 3988 1296 4034 strenue
1313 3987 1388 4033 utens

290 4046 388 4099 amovit
408 4064 423 4098 e
440 4050 539 4113 medio,
556 4050 650 4119 partim
666 4048 759 4103 iniecto
776 4058 878 4105 terrore
897 4052 1015 4105 efficiens
1031 4056 1061 4102 ut
1078 4058 1169 4119 sponte
1186 4051 1219 4101 ad
1235 4067 1284 4103 sua
1299 4068 1330 4103 se
1345 4068 1390 4102 re-

291 4114 408 4195 ciperent
424 4123 452 4167 et
466 4118 532 4169 domi
549 4138 576 4171 se
593 4126 724 4184 tenerent,
742 4122 836 4189 partim
852 4119 879 4173 vi
894 4121 997 4190 publica
1012 4136 1143 4172 coercens.
1178 4136 1231 4189 quo
1245 4120 1273 4172 in
1294 4135 1389 4189 genere

292 4200 348 4235 curn
366 4184 429 4235 ahos
446 4185 496 4238 alio
513 4188 674 4253 emundarit,
703 4197 756 4243 tum
779 4190 980 4244 'l'zamantnrum
1003 4190 1142 4256 relegatum
1160 4190 1267 4242 Prusaus
1285 4190 1322 4241 ibi
1340 4203 1388 4239 cn·

292 4251 376 4306 studia
391 4251 475 4305 tenen
485 4256 559 4309 velut
574 4274 646 4311 reum
663 4258 746 4316 iussit.
779 4260 881 4315 intarim
897 4260 996 4315 alacres
1017 4258 1044 4311 in
1060 4259 1157 4331 spebus
1173 4260 1277 4331 optimis
1293 4258 1388 4312 floran·
