3125 4900
279 252 295 265 ’“
372 273 449 349 oet
674 220 1169 344 caesarianorum.

372 462 408 505 ro
425 436 598 519 Oedipum,
616 452 679 495 non
692 434 809 497 Davom
827 454 891 497 esee
907 444 1050 515 oportere
1061 435 1256 517 interpretem
1265 432 1474 514 Pecbymeris,

371 524 543 606 scriptoris,
572 520 598 581 si
616 515 770 600 quicquain
790 520 889 598 ulus,
919 520 1100 599 antiquarii,
1135 520 1241 601 coique
1263 520 1389 586 meliori
1410 520 1476 580 ime

373 630 461 691 quam
475 608 519 667 illi
532 608 565 666 in
579 624 668 686 quem
690 605 816 667 Latium
838 606 1110 693 epigrammatarius
1125 605 1185 667 hoo
1199 605 1398 684 retulerit,
1420 625 1477 663 ex·

446 716 464 753 r
545 712 574 752 a:

370 694 446 777 preb
463 712 597 837 avennon
618 776 724 839 tectore
743 777 810 835 tur'e
829 795 906 881 (pne
925 786 988 852 eet,
1009 772 1065 835 aed
1082 773 1229 853 Apolline
1249 772 1349 831 librae.

371 864 425 925 sed
446 855 637 945 παρέργοινιῖ
652 861 820 941 προοιμίων
834 865 910 935 else.
952 881 1029 941 opus
1048 867 1138 935 vocat
1156 858 1270 939 ipsom;
1292 867 1325 915 et
1337 865 1475 916 attentus

372 968 527 1010 consessus
542 946 604 1007 dici
619 967 637 1003 a
651 964 698 1003 sne
722 962 840 1005 crumas
860 956 1000 1027 expectet
1019 964 1075 1006 cur
1091 946 1125 1003 in
1146 938 1306 1022 ποιότητος
1320 942 1475 1002 vwbulo

371 1056 452 1110 non,
474 1042 508 1093 ut
522 1030 613 1109 vulgo
636 1032 813 1105 consuerit,
835 1032 1019 1110 qualitatem
1038 1028 1091 1092 sed
1103 1029 1243 1108 regulam
1258 1026 1475 1087 intellexerim.

369 1138 478 1191 vereor
495 1117 574 1176 enim
588 1122 623 1173 ut
636 1114 892 1195 apudplerosque
907 1116 980 1175 satis
996 1116 1037 1175 sit
1055 1115 1196 1192 allegere,
1217 1112 1298 1192 quod
1313 1112 1475 1171 unissime

370 1222 513 1285 possum,
546 1199 735 1260 manifestum
754 1218 793 1259 ex
815 1199 1004 1281 inspectione
1022 1199 1261 1280 praecedentium
1283 1198 1474 1271 verborum,

369 1288 432 1349 loci
445 1284 621 1347 sententiam
634 1283 667 1343 id
680 1284 838 1363 flagitasse.
871 1306 933 1345 non
949 1285 1028 1345 enim
1039 1286 1164 1343 deerunt
1175 1283 1226 1362 qni
1239 1283 1366 1359 exigant
1380 1283 1475 1341 etiam

372 1372 570 1432 altercationes
584 1378 613 1429 et
625 1367 730 1431 deliria
742 1370 923 1449 scriptorum
936 1370 974 1429 ab
985 1368 1198 1449 interpretibus
1210 1366 1359 1445 exprimi;
1377 1376 1475 1446 atque

373 1458 449 1517 adeo
463 1456 496 1515 iu
507 1457 564 1515 isto
578 1472 685 1532 genere
698 1474 788 1535 quem
800 1454 1086 1536 superstitiosissime
1097 1453 1226 1533 ineptire
1238 1450 1331 1511 fidem
1345 1463 1474 1516 vocent.

371 1532 524 1617 sicigitur
545 1540 700 1619 opinatum
715 1558 776 1599 esse
787 1558 850 1616 me,
872 1541 983 1601 vidisse
995 1540 1111 1619 aliquid
1123 1540 1238 1619 uspiam
1253 1536 1475 1617 Pechymerem

370 1646 431 1707 quo
444 1635 542 1687 motus
557 1622 600 1683 'ad
621 1622 852 1683 exietinrsndum
868 1626 925 1702 sit,
951 1619 1095 1705 ποιότητα
1109 1624 1240 1703 regulere
1253 1623 1417 1683 interdum
1431 1623 1475 1681 si·

369 1710 525 1791 gnificare,
547 1709 709 1788 istamque,
735 1719 771 1769 ut
785 1709 875 1787 solet,
897 1710 1034 1790 quamvis
1053 1730 1167 1786 raram,
1195 1708 1352 1770 notionem
1367 1708 1474 1767 oblata

369 1796 582 1875 qualicumque
600 1792 755 1853 ocmaione
776 1813 920 1875 usurpare
938 1795 1099 1855 affectasse.
1141 1814 1202 1853 non
1214 1802 1259 1852 eet
1271 1793 1473 1853 inverisimile

368 1880 484 1941 homini
500 1879 702 1939 obsoletosnm
714 1877 874 1939 verborum
884 1880 999 1958 aucupi
1013 1880 1116 1939 talium
1129 1880 1321 1937 collectorem
1333 1887 1367 1937 et
1378 1900 1471 1937 ener-

368 1974 500 2029 rntorem
521 1964 692 2041 diligentem
713 1963 887 2025 familiarem
906 1962 1088 2045 Hesychium
1103 1964 1206 2040 inisse,
1228 1964 1316 2023 cuius
1332 1964 1469 2023 rombu-

367 2050 437 2110 lsrii
455 2048 539 2109 hsud
558 2049 650 2128 paulo
674 2047 855 2109 correctiora
878 2048 1228 2128 Constantinopolisnte
1243 2046 1300 2108 lsoe
1317 2048 1468 2127 quadrin-

261 2144 283 2197 Ρ
300 2140 350 2197 411
368 2143 471 2213 gentos
486 2152 591 2209 annos,
611 2132 672 2193 hoc
685 2143 730 2191 est
744 2142 838 2191 aetate
854 2133 1053 2213 Pachymeris,
1073 2132 1253 2212 exemplaris
1266 2132 1363 2193 luisse
1376 2154 1468 2212 qnam

367 2218 446 2279 illud
463 2238 501 2275 ex
522 2236 579 2293 qno
601 2217 696 2275 Aldus
716 2216 868 2277 Morsutius
893 2220 1053 2279 editionem
1073 2219 1222 2297 expressit
1242 2237 1349 2292 susm,
1377 2240 1464 2278 nemo

365 2301 500 2383 prudens
519 2300 708 2361 dubitaverit.
730 2301 866 2381 suspicor
882 2302 984 2383 itaque
997 2302 1205 2383 Pachymerem
1220 2302 1252 2362 in
1268 2302 1365 2363 re'rbo
1377 2300 1467 2366 ποιό-

366 2409 420 2466 της
440 2384 520 2465 apud
543 2383 725 2464 Hesychium
742 2386 831 2464 longe
847 2386 929 2447 eliud
949 2389 1055 2468 legisse
1068 2408 1155 2467 quam
1171 2387 1231 2447 hoc
1243 2386 1286 2447 ibi
1301 2386 1400 2447 lrodie
1412 2410 1466 2469 ap-

366 2489 474 2554 parens
490 2469 603 2530 nullius
620 2471 725 2551 pretii:
746 2466 869 2552 ποιότης
885 2478 989 2556 ppoipa
1002 2469 1101 2555 ἡδονή
1119 2468 1218 2548 νότος.
1259 2473 1337 2551 quid
1354 2494 1467 2554 quaeso

367 2549 471 2630 νότος,
494 2553 566 2634 quid
580 2549 679 2634 afdomi
694 2555 731 2612 etl
743 2550 907 2635 ποιότητοῖ
929 2560 1002 2638 quid
1022 2559 1208 2638 illudipsum
1221 2558 1353 2640 χρῶμαῖ
1373 2580 1467 2640 quam

366 2641 557 2720 inopinatum
577 2647 624 2716 et,
652 2648 688 2698 ut
706 2639 799 2700 libere
820 2642 935 2720 dicam,
972 2637 1232 2726 dnooodsivvoovl
1258 2664 1295 2700 ec
1321 2647 1466 2724 proillio

367 2727 488 2805 quidem
508 2720 607 2804 ἡδονὴ
625 2718 709 2798 νότος
727 2728 932 2804 reponendum
949 2729 1098 2810 poterim,
1126 2728 1217 2788 exiis
1238 2747 1315 2805 quae
1337 2729 1377 2788 ad
1396 2751 1464 2788 rer-

365 2811 438 2872 bum
458 2804 624 2892 γονικεόειν
642 2811 803 2886 annotavi,
829 2806 852 2890 ἢ
876 2807 983 2894 γόνος,
1011 2815 1105 2893 pleae.
1145 2814 1228 2892 qood
1246 2833 1333 2872 nuno
1346 2815 1465 2890 attinet,

366 2890 473 2979 γρόμα
491 2915 547 2974 pro
567 2896 671 2976 χρόμοι
690 2898 721 2954 in
742 2895 892 2975 Hesychia
909 2897 1142 2978 Pachymeriauo
1162 2899 1302 2978 suspicor
1311 2899 1467 2980 scriptum

367 2979 549 3060 apparuisse.
588 2999 699 3056 gnoma
717 2999 780 3038 vox
803 2991 848 3040 est
870 3001 908 3042 ex
929 3002 988 3061 que
1009 2983 1063 3062 qui
1082 3003 1220 3062 agrorum
1239 2983 1465 3044 metiendornm

366 3066 512 3124 rationem
528 3063 694 3136 tradidere,
714 3064 747 3124 in
768 3085 861 3124 unum
879 3067 998 3128 collecti
1017 3087 1142 3147 corpus,
1161 3067 1318 3147 gramatici
1333 3070 1466 3150 scripto-

367 3167 431 3226 res,
452 3167 561 3206 nomen
572 3147 761 3212 invenerunt.
803 3159 848 3209 est
863 3153 942 3212 enim
956 3153 988 3212 id
1000 3152 1192 3212 instrumenti
1206 3155 1394 3214 vocabulum
1407 3157 1466 3214 ista

367 3233 400 3291 in
414 3242 477 3290 arte
488 3232 662 3311 praecipui,
687 3253 744 3312 quo
761 3233 800 3292 sd
824 3234 992 3315 dirigendas
1004 3237 1136 3298 limitum
1151 3239 1246 3300 lineas
1261 3241 1295 3298 in
1311 3249 1465 3299 terrarum

367 3315 529 3397 partitione
551 3327 604 3376 aut
623 3317 806 3378 dimensione
830 3323 998 3382 utebantur.
1042 3344 1154 3403 proma
1179 3324 1243 3382 sive
1264 3345 1405 3403 grume,
1431 3337 1465 3383 nt

367 3401 458 3479 vulgo
472 3400 633 3479 explicant,
654 3423 796 3463 mensura
805 3405 954 3484 quaedum
969 3418 1013 3466 est
1025 3430 1088 3488 qua
1091 3409 1193 3487 flexae
1206 3410 1277 3467 viae
1288 3407 1337 3468 ad
1348 3411 1464 3468 lmema

369 3483 564 3564 diriguntur,
587 3495 654 3556 aut,
677 3498 712 3546 ut
723 3489 838 3549 Nonius
856 3491 963 3569 habet,
985 3493 1053 3554 loco
1067 3494 1168 3552 media
1182 3497 1217 3552 in
1230 3515 1310 3574 quoe
1328 3493 1463 3554 directae

369 3581 504 3651 quatuor
517 3581 737 3648 congregantur
755 3576 841 3651 vioe,
868 3577 949 3654 quod
971 3578 1111 3638 nimirum
1124 3578 1223 3638 inille
1241 3589 1349 3639 centro
1364 3581 1463 3660 campi

368 3653 540 3716 dimetiendi
561 3655 772 3732 agrimensores
793 3678 911 3735 grumae
931 3681 999 3720 suaa
1023 3663 1231 3738 intenderent,
1260 3673 1291 3724 et
1309 3665 1354 3724 iie
1370 3666 1463 3725 adiuti

368 3742 419 3800 vel
432 3739 525 3798 linens
540 3737 599 3818 ipsi
617 3740 708 3817 primi
727 3751 824 3802 rectae
839 3745 1027 3823 designarent
1047 3748 1097 3807 vel
1109 3749 1288 3809 curvitatem
1302 3751 1391 3828 price
1408 3751 1462 3810 de·

367 3825 547 3904 scriptarum
562 3823 772 3902 deprehensam
784 3830 976 3908 corrigerent.
1008 3834 1135 3892 istorum
1150 3833 1229 3894 hanc
1241 3836 1395 3896 actionem
1410 3857 1463 3895 ex·

366 3909 476 3986 pressit
488 3908 601 3967 Ennius
615 3927 683 3967 oum
698 3932 844 3989 grumam
856 3916 988 3996 dirigere
1007 3918 1135 3996 scripsit.
1177 3920 1210 3979 in
1224 3919 1390 3980 Glossariis
1404 3941 1462 3979 ve-

367 3993 482 4052 teribus
503 3993 538 4050 ab
562 3991 692 4052 Henrico
711 3995 862 4075 Stephano
878 4010 908 4060 et
925 4003 1134 4062 Beneventum
1148 4002 1295 4064 Vulcanio
1309 4007 1402 4064 editis
1418 4006 1462 4064 le·

367 4075 447 4148 gitur
457 4097 573 4154 grume
585 4072 723 4158 γνώμων.
766 4083 847 4143 unde
859 4086 981 4146 verbum
994 4099 1138 4167 grmnot,
1170 4089 1253 4170 quod
1265 4089 1309 4148 ibi
1321 4091 1462 4170 explice-

366 4165 416 4216 tur
431 4165 484 4236 pei
499 4162 551 4220 ills
565 4163 676 4222 Graeca
689 4171 791 4247 μετρεῖ
800 4167 899 4244 ἐξισοῖ.
942 4174 1033 4250 paulo
1045 4173 1169 4251 postibi
1183 4173 1463 4254 poniturgrnmnri

362 4245 565 4326 καταστρέψαι
587 4243 732 4330 Δοροόιοιι.
774 4273 831 4331 pro
852 4274 912 4333 quo
937 4255 1103 4320 Vulcanius
1127 4257 1187 4338 legi
1205 4259 1292 4322 iubet
1311 4281 1462 4340 genesen
