3125 4900
407 265 492 336 1.ch
503 263 563 334 m.
602 261 972 336 OEROBOLOGIGUS.
1168 265 1245 340 757
1314 205 1319 212 ⁶

144 426 210 526 ⁴¹¹}
240 426 362 522 Ἢ
380 424 507 523 ¹335&
583 427 784 492 Tarobaniota
802 431 882 492 filim
902 429 1039 494 Marthae
1058 431 1251 492 sororisim-¹
1290 449 1291 452 ’

239 527 364 648 (ιιι-λιν.
393 526 500 575 emor.
540 517 688 596 potatoris
715 517 869 595 coniugam
895 515 981 578 ducit
1011 517 1103 578 filiam
1123 518 1242 578 loannis

445 590 466 653 9
540 602 643 664 fratria
656 600 798 681 despotae
812 603 991 664 Occidentis.
1033 603 1073 662 ib.
1088 624 1113 664 c.
1127 607 1178 670 26

582 705 636 766 Dio
647 709 691 770 2⁹
702 704 879 766 Novembris
891 705 1022 766 Glemona
1033 705 1074 767 1v
1084 725 1161 787 popa
1173 727 1241 765 mo-

540 789 620 851 ritur
638 790 774 851 Vitorbii.
817 789 930 872 Spond.
951 809 989 852 ex
1004 793 1096 873 antiq.
1110 811 1242 852 monum.

540 875 601 936 boo
611 896 691 938 enno
701 897 732 938 u.
748 879 799 944 12

583 1077 749 1141 Orientalas
766 1079 938 1161 provinciae
956 1078 1073 1160 imperii
1085 1079 1243 1140 Persarum

542 1165 762 1226 incursionibus
777 1165 960 1226 desolantur.
1002 1162 1141 1244 Pecbym.
1155 1164 1177 1230 4
1191 1169 1243 1230 27.

584 1267 818 1330 Arseniauorum
842 1267 969 1328 schisma
985 1266 1079 1348 magis
1095 1267 1246 1347 magisque

541 1351 707 1420 invalescit,
747 1353 791 1414 ib.
807 1373 833 1415 c.
847 1355 902 1419 28.

585 1455 710 1516 Carolus
728 1455 825 1516 irater
846 1457 876 1516 8.
891 1453 1036 1516 Ludovici
1056 1453 1132 1532 regis
1145 1451 1246 1512 Fran-

543 1539 622 1615 eiaa,
644 1541 706 1601 acie
725 1542 807 1602 victo
820 1560 899 1602 anuo
914 1539 1059 1620 superiori
1074 1537 1244 1599 Conradino

544 1625 585 1686 ad
595 1626 695 1686 lacum
705 1626 869 1703 Fucinum,
889 1625 1063 1705 pacificam
1054 1645 1113 1684 sam
1128 1642 1246 1704 posses-

543 1711 657 1772 sionem
668 1711 791 1774 inobost
807 1731 890 1794 regni
881 1709 1089 1790 'Neapolitani
1100 1719 1131 1768 et
1143 1707 1245 1783 Siculi,

543 1817 579 1856 ac
590 1797 728 1858 balduini
740 1799 802 1858 filio
816 1795 1078 1896 Constantinopoli
1085 1793 1220 1874 profugi'
1212 1813 1246 1852 ιι

542 1902 684 1962 generum
706 1883 820 1944 adscito
847 1883 957 1943 auxilia
981 1881 1158 1982 promittens
1183 1877 1245 1937 lti-

544 1966 640 2028 cbae'li
662 1969 836 2050 Palaeologo
860 1987 964 2028 curam
986 1965 1088 2029 iniicit.
1130 1962 1245 2026 indicat

543 2053 618 2114 haec
635 2050 777 2134 Pachym.
791 2043 883 2116 variis
900 2053 987 2132 lotis,
1007 2055 1028 2116 8
1049 2055 1072 2119 8
1090 2058 1122 2110 et
1143 2053 1202 2127 86,
1221 2045 1244 2113 4

543 2143 603 2216 29,
623 2148 655 2200 et
669 2139 751 2202 alibi.

586 2241 750 2322 Hyacinthi
775 2240 866 2303 factio
895 2248 927 2300 st
953 2239 1245 2318 Pantepoptenorum

544 2325 761 2388 monachornm
773 2348 831 2408 pro
843 2323 967 2386 Arsenio
980 2323 1175 2404 pugnantium
1192 2341 1245 2380 eo-

545 2411 663 2475 closiam
677 2414 793 2477 turbat.
835 2410 857 2477 4
881 2415 920 2478 19
941 2417 972 2470 et
992 2413 1044 2475 28.

588 2512 715 2577 Carolus
734 2535 791 2577 rex
814 2512 930 2574 Siciliae
951 2512 1072 2571 classem
1093 2517 1191 2573 armat
1208 2506 1249 2569 ad

545 2599 834 2679 Constantinopolim
846 2596 1091 2676 recuperandam.
1104 2594 1124 2657 6
1141 2598 1170 2659 8.
1192 2614 1250 2656 va-

546 2683 585 2742 rii
603 2692 712 2742 oontra
724 2683 817 2741 iatum
831 2690 945 2741 metum
956 2679 1143 2760 imperatoris
1156 2698 1251 2759 appo-

546 2774 640 2827 ratns.
681 2766 722 2826 ib.
737 2775 770 2825 et
781 2785 855 2825 mox
869 2785 894 2825 o.
908 2770 958 2831 10.

590 2966 648 3029 Per
664 2966 721 3029 bos
737 2988 832 3029 annos
846 2966 954 3027 enituit
969 2966 1069 3027 virtus
1084 2964 1187 3027 bellica
1201 2966 1253 3026 lo-

549 3052 635 3113 annis
650 3052 791 3135 despotao
811 3052 913 3113 frauis
934 3051 1138 3132 imperatoris,
1159 3051 1253 3111 variis

549 3139 731 3200 successibus
749 3138 975 3219 expeditionum
993 3155 1203 3217 prosperarum
1217 3137 1252 3197 in

549 3225 714 3285 orientales
726 3234 758 3286 et
770 3224 919 3287 Occidnoa
940 3232 1056 3285 tractus
1070 3221 1208 3303 probata.
1229 3226 1251 3288 8

547 3313 588 3403 23
602 3318 634 3372 ot
646 3309 725 3372 alibi.

591 3412 793 3474 'l'arcbaniota
813 3423 937 3492 magnus
953 3410 1169 3489 Conostaulus',
1190 3408 1250 3469 im-

548 3500 696 3581 peratoria
710 3518 749 3559 ox
762 3496 882 3559 Martha
895 3517 998 3558 sorore
1014 3516 1121 3577 nepos,
1142 3502 1250 3555 contu

550 3585 734 3647 avunculum
748 3584 883 3660 rebellat,
905 3581 945 3642 ad
959 3583 1099 3643 loannem
1112 3600 1250 3641 socerum

512 3697 516 3705 ·
550 3671 690 3753 despotaa
708 3669 880 3731 Occidentis
903 3668 1024 3728 fratrem
1043 3666 1250 3746 nantogiana,

550 3756 696 3817 Tocharis
706 3756 791 3837 prius
810 3756 844 3815 in
859 3753 992 3834 regiones
1005 3752 1133 3851 imperio
1143 3749 1252 3811 subdi-

550 3852 598 3902 tas
615 3841 765 3920 evocatis,
785 3840 839 3925 qui
858 3838 998 3900 caedibus
1021 3846 1051 3898 et
1069 3836 1181 3921 rapinis
1200 3854 1251 3897 eas

551 3936 719 3989 vastarunt
760 3925 784 3993 4
805 3930 856 3991 80.

593 4014 757 4094 Imperator
789 4006 902 4091 legatos
935 4008 974 4070 ad
1006 4004 1252 4071 &ludovicum

551 4098 737 4160 Pranoornm
766 4114 866 4177 regam
897 4094 1008 4171 mittit,
1045 4092 1097 4172 qui
1123 4111 1192 4153 oum
1218 4091 1253 4151 in

464 4227 468 4235 -
551 4184 652 4245 Afnca
672 4184 823 4249 Tunetam
843 4138 1027 4242 obsidentem
1048 4176 1208 4271 inveniunt
1221 4185 1253 4237 et

551 4270 615 4332 eius
633 4269 725 4332 morti
740 4267 900 4331 intersunt.
