3125 4900
584 318 719 389 unu.
753 319 907 394 NOTAE.
979 342 983 368 ¹
1222 323 1295 395 645

202 487 240 548 rii
254 493 406 570 compote,
426 493 465 545 ut
479 484 612 566 plerique
623 483 769 546 hactenua
781 497 853 546 aunt
866 487 991 568 opinati,
1010 491 1163 568 purpurae
1175 490 1294 550 ιιοιιιὶιιε

200 573 395 650 intelligerrtea
415 591 549 650 pannum
566 589 751 649 purpureum
772 591 832 648 quo
847 575 1055 652 exciperentur
1070 583 1174 653 partpa
1188 573 1293 653 dugu-

200 663 324 760 atarnm
365 658 531 734 requiritur
544 656 621 714 enim
634 664 786 736 praeterea
801 658 882 716 neaci
898 659 978 718 intra
991 658 1113 718 domum
1128 672 1202 736 qaae
1214 683 1291 738 erop-
1393 670 1399 680 '

199 739 1290 909 ttttttsszt:ttt‘ttitttttttttttttlttttltt

199 922 250 972 rat
270 921 408 990 parentee
429 911 633 988 Gonatantini,
660 920 697 969 nt
726 910 754 969 ie
778 909 1052 990 Porphyrogenitue
1079 914 1161 972 naaci
1180 923 1288 995 pareat.

199 995 301 1075 itaque
319 997 525 1070 Andronicus,
547 997 602 1057 etei
620 1004 709 1056 natue
727 1005 822 1074 earet,
843 1005 878 1056 ut
889 995 1215 1076 Pechymereeridetur
1229 1020 1290 1061 ro·

198 1080 307 1156 luiare,
334 1082 450 1163 imperii
472 1082 567 1162 patria
586 1101 665 1140 anno
681 1083 795 1161 primo,
818 1081 900 1159 quod
922 1079 1117 1142 discutiemus
1138 1083 1194 1148 lii
1214 1103 1239 1146 c.
1255 1089 1287 1160 8,

198 1176 382 1227 nontamen
403 1187 466 1228 eece
487 1186 558 1226 vere
580 1164 853 1246 Porphyrogauitua
871 1166 987 1246 potuit,
1012 1165 1095 1244 quod
1109 1176 1192 1225 extra
1208 1169 1289 1226 Con.

198 1251 425 1333 atentinopolim
447 1252 485 1312 eit
505 1262 612 1323 natue,
633 1252 678 1312 uti
693 1271 751 1310 nec
764 1249 955 1310 Theodorum
969 1251 1116 1310 iuniorem
1128 1251 1288 1329 Laecarim,

189 1336 255 1396 ¹etei
273 1337 425 1418 principio
442 1336 560 1418 imperii
579 1336 804 1418 patrieloannia
820 1336 957 1396 Batatzac
971 1345 1090 1412 netum,
1113 1335 1288 1418 Porphyre-

196 1422 328 1498 genitum
341 1443 465 1502 nequam
477 1424 592 1483 dictum
604 1422 739 1500 legimua.
780 1422 921 1480 nimirum
934 1421 1008 1480 haec
1021 1419 1220 1480 nomenclatio
1231 1422 1287 1481 dn.

195 1506 319 1568 uebatur
332 1527 370 1567 ex
383 1508 581 1588 lampertus,
602 1507 692 1566 domo
707 1506 757 1566 cni
772 1525 906 1587 purpura
920 1515 984 1565 arat
996 1526 1119 1582 noman,
1140 1507 1196 1566 aita
1209 1508 1286 1566 Con.

194 1592 405 1674 etantinopoli,
426 1593 459 1652 in
478 1612 568 1672 quem
587 1592 687 1671 partui
707 1590 825 1654 vicinae
845 1593 993 1668 Augustae
1011 1591 1181 1668 immigrare
1199 1601 1286 1653 erant

193 1677 307 1738 aolitae.
350 1678 435 1737 Anna
455 1679 603 1738 comnena
622 1675 680 1740 λδ
699 1697 731 1757 p.
749 1681 812 1743 166
834 1685 923 1736 vocat
940 1675 1052 1755 οἴκημα
1072 1671 1285 1756 ἀφωρισμένον

193 1757 288 1824 πάλαι
301 1768 367 1837 τοῖς
377 1758 547 1837 ειιιτοιίσοις
557 1766 620 1824 raia
638 1762 812 1842 duodicim,
834 1771 863 1820 et
879 1761 962 1820 addit
973 1756 1137 1842 πορφύραν
1151 1759 1185 1822 di
1196 1766 1285 1825 τοῦτο

193 1847 227 1908 oi
237 1841 388 1910 dre'rcdrr
400 1841 605 1928 διορίζουσιν,
612 1845 643 1922 ἔξ
651 1836 691 1908 od
697 1845 750 1910 ιιοιί
758 1843 793 1910 εδ
807 1850 869 1908 σοῖν
880 1839 1175 1928 πορφυρογειινήεοιν
1187 1843 1286 1926 ὄνομα

194 1931 239 2004 είς
251 1927 309 2010 τὴν
326 1931 508 2014 οίιιοορίνην
523 1931 691 2011 διίδριιμειι.
732 1929 876 1990 describit
890 1951 954 1990 eam
969 1932 1089 1990 domum
1105 1930 1174 1990 alibi
1188 1933 1284 2007 Anna,

192 2014 214 2073 l.
228 2015 371 2075 videlicet
385 2023 406 2082 7
424 2038 455 2097 p.
471 2021 549 2094 190,
571 2024 601 2074 et
626 2017 655 2074 ei
674 2035 783 2082 nomen
803 2016 915 2074 factum
931 2016 973 2076 ait
987 2037 1003 2074 a
1017 2015 1116 2075 colore
1129 2017 1284 2076 marmoria

192 2119 232 2158 ex
253 2119 313 2178 quo
334 2111 398 2160 arat
418 2110 549 2177 atracta,
571 2101 653 2180 quod
670 2101 746 2159 dicit
762 2099 855 2160 tuieee
869 2101 963 2158 Roma
975 2109 1126 2179 portatum
1139 2101 1176 2159 ab
1186 2101 1284 2179 impe-

190 2185 358 2259 ratoribua‚
378 2187 499 2264 qnando
509 2186 610 2246 eedem
620 2184 738 2266 imperii
752 2185 927 2265 Byzantium
939 2186 1167 2248 mustulemnt.
1208 2183 1284 2245 διεο

190 2270 283 2329 verbe
303 2271 530 2331 Gonatantinum
553 2270 691 2348 Magnum
712 2270 883 2348 indigitant.
925 2279 955 2330 et
974 2269 1094 2330 memini
1111 2271 1209 2347 legere
1223 2271 1283 2329 ali-

189 2354 262 2433 quid
276 2355 357 2435 apud
369 2356 485 2416 delium
499 2355 704 2435 Lampridium
717 2355 749 2414 in
765 2353 940 2434 dlagalralo,
958 2355 1039 2435 quod
1052 2353 1132 2414 trahi
1144 2355 1182 2414 ad
1194 2355 1282 2416 iatam

187 2440 412 2501 translationem
431 2439 642 2502 adstruendam
662 2441 769 2521 poerit.
809 2441 900 2501 verba
919 2431 1085 2521 Lanipridii
1104 2438 1178 2499 haec
1191 2450 1282 2505 eunte

188 2529 299 2585 erravit
313 2538 340 2585 et
352 2530 438 2587 anaia
448 2524 701 2586 Lacedaemoniis
721 2547 761 2585 ac
772 2526 998 2605 Porphyreticia
1005 2526 1128 2605 plateae
1141 2527 1173 2585 in
1180 2527 1281 2604 polo·

187 2612 232 2669 tio
250 2632 331 2691 quaa
347 2614 581 2672 Antoninianae
599 2614 737 2687 vocavit,
767 2631 846 2690 quoe
861 2632 941 2669 acra
960 2632 1057 2691 neque
1078 2609 1124 2669 ad
1143 2622 1280 2669 noctram

187 2700 364 2755 memoriam
382 2708 555 2756 mutarerunt
576 2690 703 2778 (acribit
720 2694 795 2754 διοο
811 2705 915 2756 auctor
929 2696 985 2755 rub
997 2696 1206 2771 Constantino,
1228 2696 1280 2755 cui

185 2779 270 2840 huuc
280 2780 378 2861 iprum
392 2782 504 2841 librum
516 2778 617 2859 dicat)
633 2776 690 2837 ard
698 2800 794 2857 nuper
807 2790 893 2837 eruta
906 2789 934 2837 et
945 2791 1051 2839 εεαολο
1063 2790 1145 2838 eunt.
1165 2779 1207 2837 ita
1218 2780 1280 2840 ille.

187 2864 293 2943 quidni
313 2885 386 2925 vero
408 2886 464 2925 noa
484 2864 670 2942 auapicemur
690 2873 775 2923 erute
796 2871 826 2922 at
844 2864 1023 2942 Byzantium
1034 2864 1178 2923 translata
1190 2864 1277 2923 iueeu

186 2950 375 3010 Conrtamini
398 2970 434 3011 eo
454 2948 626 3028 nigrantia,
646 2956 699 3008 aut
716 2948 818 3029 potine
840 2947 995 3008 credamne
1018 2947 1121 3007 Annae
1140 2947 1173 3007 id
1190 2946 1277 3007 alfir·

184 3035 303 3095 mantii

270 3142 301 3201 p.
317 3122 379 3187 188
392 3116 472 3185 ιδ.
514 3138 575 3199 quo
593 3118 627 3177 ἰιι
643 3137 750 3198 genere
764 3116 943 3177 anibur
958 3116 1118 3196 plurimis.
1161 3114 1276 3174 Graeca

184 3203 236 3265 δίο
254 3206 287 3264 in
304 3206 409 3265 codice
427 3204 541 3283 optimo
560 3202 603 3279 B,
625 3222 728 3286 quem,
748 3210 784 3262 ut
795 3223 880 3285 aaepe
892 3201 972 3277 dixi,
996 3200 1121 3261 fundum
1136 3198 1275 3260 aditionia

183 3288 358 3366 habuimue,
376 3290 483 3350 mutila
502 3295 595 3351 erant.
636 3285 720 3347 huno
738 3285 818 3348 enim
832 3290 864 3347 in
878 3288 997 3347 modum
1011 3285 1053 3345 ibi
1066 3284 1175 3361 legitur
1193 3280 1272 3348 ὅπου

183 3398 218 3459 ye
246 3374 299 3438 ιιοί
325 3372 454 3439 Λοίιιωσι
478 3368 769 3455 cotrarietatem
786 3370 820 3435 διι
839 3378 896 3435 rori
917 3413 1063 3432 .......
1085 3362 1272 3455 ἀφιγμένοις.

185 3460 281 3520 codex
299 3458 325 3520 A
344 3459 434 3521 habet
453 3453 578 3542 ὕστερον
599 3458 633 3523 ίιι
652 3462 708 3536 τῆς
728 3452 846 3531 πόλεως
866 3452 1061 3539 οίφιγμίνοις,
1090 3455 1142 3515 nbi
1164 3455 1274 3515 meritc
1288 3470 1310 3527 p
1325 3468 1377 3525 452

184 3565 362 3625 quaererer
383 3566 440 3625 qua
458 3546 534 3605 urbe
551 3542 706 3604 advenieee
717 3540 749 3601 hi
761 3543 894 3603 Lacones
913 3542 1060 3603 dicantur.
1102 3560 1171 3599 eane
1187 3539 1272 3599 urbia

181 3632 318 3705 nomine,
335 3650 404 3688 cum
417 3630 481 3689 eina
494 3629 595 3691 addito
607 3629 729 3709 ponitur
739 3627 821 3709 apud
832 3626 888 3687 hoa
899 3628 1076 3708 scriptorae,
1098 3623 1271 3685 Constanti-

180 3716 316 3793 nopolim
330 3714 459 3793 intelligi
471 3735 520 3775 raa
535 3714 601 3794 ipaa
613 3713 757 3793 loquitur.
799 3732 837 3774 ex
857 3712 931 3773 urbe
948 3722 1045 3773 antem
1058 3712 1269 3770 Conetentinc-

179 3800 244 3881 poli
262 3800 329 3878 quie
347 3798 522 3879 pereuedere
540 3798 597 3858 eibi
615 3798 710 3879 poaeit
721 3796 783 3857 dici
795 3798 911 3859 veniaee
923 3798 1013 3869 ictor,
1035 3795 1086 3874 qni
1099 3794 1200 3874 potine
1215 3792 1266 3853 hic

180 3884 214 3944 in
226 3902 290 3943 eam
302 3884 525 3962 taanamigraeae
536 3882 757 3943 memorentur?
798 3882 902 3963 itaque
914 3893 997 3943 recte
1008 3880 1167 3941 Vaticanua
1183 3899 1266 3959 para-

177 3967 316 4071 phraetee
337 3969 386 4029 eie·
399 3968 482 4030 hunc
499 3970 600 4030 locam
622 3966 722 4029 effert:
743 3966 887 4034 ίιειδθεν
906 3968 958 4031 καί
980 3962 1105 4029 Λάκωσι
1119 3964 1268 4037 πλείστοις

178 4072 306 4134 οσοερον
320 4054 364 4129 είς
376 4050 465 4117 πόλιν
476 4048 664 4136 δφιγμίνοις.
688 4052 770 4114 unde
781 4054 907 4117 tartaree
920 4051 1111 4133 corrigendae
1124 4048 1165 4108 eit
1175 4048 1266 4108 dllat.

178 4138 291 4211 codex,
309 4139 444 4220 repetito
460 4138 504 4215 είς
518 4136 575 4220 τήν
587 4132 676 4202 reddre
688 4140 754 4201 vice
769 4138 803 4203 ίιι
815 4142 872 4221 τῆς
884 4130 1010 4212 πόλεως.
1047 4133 1099 4197 eed
1114 4134 1188 4195 haec
1200 4154 1265 4193 non

178 4224 333 4286 aufficiunt
347 4223 478 4286 uuanda
492 4223 613 4286 vulneri
624 4224 802 4305 exemplaria
819 4222 983 4303 archetypi.
1024 4242 1093 4281 nam
1113 4221 1146 4280 in
1164 4240 1200 4279 eo
1219 4240 1266 4279 ar·

177 4312 290 4372 ticadue
310 4310 493 4373 marculiuua
509 4322 563 4373 aut
581 4320 687 4372 neuter
701 4312 758 4375 rori
772 4310 902 4385 indicet,
923 4308 957 4370 id
973 4308 1054 4390 quod
1073 4306 1172 4367 atatim
1184 4304 1268 4365 daeat
