3125 4900
392 318 469 392 692
697 313 932 385 OBSERVAT.
955 313 1190 384 PAGllYllIER.

477 483 769 548 BOHAPOMLilN.
810 501 841 563 p.
864 480 928 548 267
948 501 977 544 v.
1001 483 1023 550 6
1065 479 1285 563 βοηδρομιῶνος
1303 474 1426 559 inopium

392 582 519 649 uterque
537 565 640 629 ood.B
656 576 687 628 et
708 567 779 628 din
797 587 851 626 ora
872 567 942 627 libri
960 560 1148 650 Ἀπριλλίου,
1177 565 1267 628 Vatic
1287 559 1429 628 tisserius

391 653 565 738 Ἀπριλλίου
580 647 757 734 ἆρχοριίυου.
799 651 1045 713 boedromionem
1062 651 1186 711 tertium
1203 651 1288 710 fuisse
1303 647 1429 708 menenio

392 763 471 802 anuo
495 739 596 800 tedes
616 738 804 797 demonstrat
823 738 960 798 Petavius
977 737 1029 802 t1
1054 737 1092 796 de
1103 737 1188 796 Dect.
1203 737 1299 815 Temp.
1316 753 1337 793 o
1356 739 1382 799 ll
1398 739 1429 790 b·

390 825 536 888 atimoniis
555 823 720 882 Aristotelis
741 822 939 904 Theophrasti
959 835 992 883 ot
1006 823 1102 883 Plinii.
1143 821 1196 882 sed
1213 841 1279 882 cum
1297 815 1428 878 tertinulo-

390 933 460 973 cum
473 913 532 969 ism
543 917 715 988 occupasset
727 907 916 989 Pachymeris
939 908 1050 968 iudicio
1063 905 1203 982 Cronius,
1224 914 1352 985 quartum
1363 902 1428 960 illio

391 995 531 1076 signavit,
554 1003 608 1053 aut
621 993 704 1053 aliud
716 1003 760 1052 est
771 1004 889 1054 secutus
903 994 983 1070 quod
998 1015 1053 1054 nos
1067 995 1151 1054 latet.
1190 991 1228 1050 de
1240 991 1337 1070 reipsa
1347 993 1428 1058 condat,

389 1082 442 1144 hic
456 1079 562 1141 Iuliani
576 1081 646 1139 anni
657 1079 789 1158 Aprilem
801 1079 940 1158 intelligi,
964 1100 1033 1140 cum
1046 1078 1229 1138 describatur
1250 1078 1345 1135 loetum
1359 1064 1429 1134 cisiis

390 1187 463 1231 στου
489 1165 621 1240 dicturo,
647 1165 760 1224 leionio
778 1185 874 1225 verno
891 1165 1033 1226 celebrari
1053 1164 1187 1239 solitum,
1208 1161 1322 1221 sabbato
1338 1157 1431 1248 ridalicrl

390 1252 513 1331 quintae
532 1248 739 1308 hebdomadae
759 1250 1015 1329 quadragesimae,
1044 1258 1080 1309 ut
1095 1247 1275 1308 ostendimus
1292 1244 1430 1305 iuGloseane

390 1337 485 1398 verbo
502 1329 678 1411 αἷιιοίθισιος.
719 1353 780 1412 quo
794 1335 841 1394 die
853 1333 964 1394 Pascha
975 1336 1027 1394 illo
1042 1353 1121 1394 anno
1135 1333 1240 1408 luerit,
1261 1341 1290 1390 et
1301 1344 1430 1418 consequar

389 1433 440 1483 ter
451 1423 484 1480 in
502 1439 589 1498 quem
601 1419 712 1499 Aprilis
733 1438 781 1478 res
800 1419 850 1480 hic
863 1431 985 1480 narrata
1003 1419 1156 1496 inciderit,
1178 1418 1305 1476 dicemus
1314 1416 1387 1488 ints,
1400 1408 1430 1468 ab

390 1507 430 1568 de
443 1505 666 1566 chmaeteribus
679 1502 895 1586 chronologicis
909 1505 999 1566 huius
1011 1505 1153 1564 historiae
1167 1513 1281 1583 agetur.

477 1592 752 1652 ΠΤΑΝΕΨΙΩΝ
793 1613 823 1671 p.
838 1591 901 1658 403
918 1595 989 1655 v.7
1021 1591 1142 1676 είκοσυῇ
1163 1587 1220 1670 μὲν
1248 1585 1298 1652 καί
1315 1583 1430 1666 aque

389 1678 551 1756 νεψιῶνος.
594 1695 612 1734 e
627 1677 745 1753 regione
769 1677 852 1735 vocis
878 1679 1103 1755 Πυανεψιῶνος
1128 1674 1217 1760 codd
1235 1673 1260 1734 B
1280 1681 1309 1731 et
1326 1664 1431 1730 subu

389 1763 517 1835 Μαΐου,
539 1761 618 1838 qood
633 1761 659 1819 V
675 1758 712 1818 de
724 1778 808 1819 mors
825 1761 857 1820 iu
875 1771 1050 1821 contextum
1068 1761 1184 1840 recipit.
1225 1777 1281 1818 nec
1296 1753 1430 1814 dubiumr

389 1847 536 1926 linquitur
558 1864 597 1905 ex
619 1844 792 1904 charactere
814 1866 886 1906 mox
905 1867 1044 1926 expresso
1057 1847 1125 1906 festi
1143 1847 1280 1904 instantis
1292 1843 1430 1904 Perimes

390 1941 429 1993 ut
450 1931 573 1990 inferius
592 1931 878 2010 demonstrabimus,
906 1934 980 2010 quin
999 1931 1093 1990 Maius
1120 1929 1171 1990 hio
1198 1928 1304 1988 mensis
1324 1923 1430 1984 indicatur·

389 2016 472 2078 undo
485 2015 692 2094 corrigendum
704 2014 827 2078 videtur
840 2017 923 2095 quod
937 2037 966 2096 p.
980 2021 1043 2082 270
1064 2035 1094 2078 v.
1110 2021 1150 2081 10
1172 2014 1308 2074 scribitur
1331 2004 1431 2097 αοουοῆ

389 2124 458 2177 voe:
479 2110 526 2160 est
547 2102 626 2161 enim
642 2102 684 2161 ibi
705 2101 739 2161 io
758 2102 890 2182 margine
914 2122 978 2162 vox
1002 2103 1128 2177 Μαΐου,
1157 2101 1431 2178 antiquamque

389 2189 533 2268 glossema
543 2185 716 2246 recentioris
731 2207 836 2246 manus
851 2187 1037 2268 subiungitur
1052 2189 1327 2268 μεταγειτεινιοῖνος.
1344 2197 1379 2239 1²⁸
1389 2189 1431 2253 ΡΝ·

390 2271 507 2350 reipsa
527 2280 559 2330 et
581 2271 639 2332 loci
657 2274 818 2348 mutantia,
840 2284 876 2333 ut
893 2274 948 2338 l.8
990 2271 1244 2332 Observationum
1266 2291 1291 2330 c.
1307 2256 1431 2334 iderti*

389 2365 606 2430 monstramus,
627 2357 748 2415 omnino
763 2357 876 2418 Maium
892 2357 992 2436 exigit

475 2443 832 2504 ΜΑΙΜΑΚΤΗΡῙΩΝ
874 2464 904 2522 p·
918 2441 981 2509 403
1003 2462 1033 2503 v.
1057 2445 1078 2507 9
1119 2437 1244 2528 δευείρρι
1264 2435 1296 2504 dl
1318 2448 1431 2519 pomi

388 2528 511 2607 psoioor.
551 2524 585 2583 in
598 2526 732 2604 margine
753 2526 816 2587 duo
837 2528 926 2589 codd.
945 2522 1079 2591 Ἰουνίου.
1119 2528 1230 2586 tertius
1245 2533 1280 2586 ot
1295 2517 1431 2583 solstitie

389 2630 459 2671 men
473 2610 631 2671 contextui
641 2610 747 2671 inserit
798 2628 854 2671 nec
872 2613 980 2673 festum
999 2612 1185 2673 Pentecostes
1203 2612 1238 2671 in
1258 2594 1432 2691 secundarii

390 2717 471 2757 anuo
485 2696 564 2756 lunii
581 2694 737 2773 incidens,
762 2704 801 2757 ut
820 2716 874 2759 suo
896 2698 963 2758 loeo
983 2698 1169 2772 docebimus,
1208 2696 1328 2757 dubimu
1340 2688 1431 2781 nihili

391 2784 465 2862 quio
474 2782 577 2842 lunius
587 2780 763 2862 Pachymeri
775 2777 1003 2865 μαιμακτηριών
1016 2784 1061 2843 sit.
1089 2778 1124 2847 so*
1137 2778 1185 2846 ὅτι
1197 2792 1338 2843 tenemus:
1347 2771 1372 2839 τί
1382 2773 1432 2839 lob

389 2878 427 2929 ut
436 2868 470 2927 in
483 2868 621 2942 caeteris,
641 2867 854 2945 quaerendum.
896 2867 971 2929 llari
984 2870 1064 2927 anim
1081 2888 1199 2937 sumus,
1222 2888 1285 2928 non
1295 2854 1410 2953 Oedipi*)·

288 2958 375 3015 P488
478 2956 798 3019 ANeuzfflPmre
819 2974 849 3034 p.
865 2957 929 3021 286
939 2974 969 3014 v.
983 2958 1022 3018 19
1045 2952 1062 3017 ί
1084 2946 1302 3035 οίνθεσιηριοίν.
1339 2950 1433 3020 ,repon

389 3039 423 3099 iu
437 3038 568 3115 margine
577 3032 707 3113 Ἰούλιος.
749 3038 821 3099 vid
834 3040 930 3099 solum
944 3039 976 3098 in
989 3048 1136 3101 contextu
1148 3036 1251 3102 habet.
1285 3044 1360 3097 antea
1367 3051 1388 3109 p·
1398 3020 1432 3087 149

390 3128 457 3188 νδ
486 3122 575 3208 ἑορτῇ
588 3118 840 3207 τῆςθεομοίτορος
854 3120 1079 3205 ”Αννηςριηνιίς
1102 3118 1347 3207 οίνθεοτηριοῖνος.
1368 3122 1434 3174 ruffi*

390 3228 421 3289 p.
435 3207 498 3271 483
512 3226 550 3266 v:
558 3208 597 3271 15
623 3203 691 3272 edre
701 3210 807 3272 τοίνυν
822 3205 975 3294 ίυίεκοίτῃ
995 3205 1244 3292 ἄνθεοιηριοὸυος
1254 3203 1348 3291 μηνός.
1381 3204 1434 3257 utre·

390 3293 480 3370 bique
494 3289 582 3350 oodd.
596 3291 633 3350 de
640 3312 724 3353 more
732 3287 859 3358 Ἰούλιον
873 3304 1029 3356 annotant
1072 3295 1195 3374 Augusti
1207 3294 1312 3355 mensis
1322 3284 1434 3361 recline

391 3378 510 3439 nanum
521 3395 631 3435 nomen
643 3377 676 3437 in
688 3377 746 3438 ha'c
756 3377 899 3457 historia,
921 3380 1004 3459 quod
1015 3381 1215 3461 meminerim,
1235 3401 1297 3441 non
1311 3360 1418 3435 erudi·

477 3465 719 3526 ΓΑΜἩΔΙΩΝ.
760 3485 791 3545 p.
806 3464 869 3530 895
881 3485 912 3526 v.
929 3472 958 3532 2.
984 3470 1176 3548 γαμηλιῶνος
1190 3459 1294 3549 μηνός.
1313 3456 1383 3521 codd
1394 3450 1434 3509 bd

318 3618 322 3627 ¹
390 3546 447 3608 Aa
466 3546 583 3625 ragione
600 3546 774 3609 adscribunt
795 3552 1015 3634 Σεπτεμβρίου,
1043 3552 1148 3612 silente
1173 3560 1291 3633 praeter
1313 3527 1434 3636 moreffl'b

390 3632 444 3709 qui
456 3631 516 3692 hoc
530 3652 645 3691 comma
661 3634 800 3695 transilit.
844 3645 931 3699 antea
954 3657 985 3717 p·
1004 3641 1068 3704 299
1082 3640 1153 3703 V.8
1182 3634 1246 3719 μήν
1268 3632 1300 3699 δὲ
1319 3634 1435 3711 ίφτίίίῖίί8

389 3714 455 3779 τότε
475 3710 648 3796 Γαμηλινίν,
675 3714 764 3803 ἤγετο
786 3714 819 3783 δὲ
844 3718 939 3802 sirmi
956 3722 1058 3802 repleo
1078 3727 1212 3803 σταυροῦ
1240 3712 1332 3805 ἑορτή·
1366 3714 1434 3772 still

392 3802 580 3859 exaltationis
597 3804 627 3860 S.
641 3804 738 3864 crucis
759 3804 798 3871 14
817 3805 997 3886 Septembris
1018 3808 1107 3867 etiam
1129 3808 1283 3867 aGrsecis
1297 3802 1433 3863 calcemus

394 3898 534 3945 consueta
549 3896 580 3945 et
593 3885 636 3946 ibi
658 3888 747 3952 codd.
768 3890 939 3953 admonent.
982 3893 1035 3953 sod
1046 3894 1117 3955 satis
1130 3912 1171 3955 ex
1184 3894 1265 3954 Festi
1278 3876 1433 3953 rrrcnlielttil

390 3970 533 4049 telligitur
545 3974 726 4053 September.

455 4252 814 4389 litteratam
831 4329 1032 4390 ι
