3125 4900
377 295 435 362 DE
459 296 668 365 llssGHAELE
691 300 971 370 PdeEOLOGO
998 303 1033 368 L.
1059 305 1101 370 V.
1219 301 1293 374 415

196 472 278 561 Ισθαι
296 461 442 546 πολλάκις
466 465 624 556 ὁμολογεῖν
643 468 697 536 τόν
718 469 809 554 ὅρκον
829 471 972 556 γενάσθαι
992 469 1138 557 κωλόμην
1163 480 1219 540 τοῦ
1243 478 1295 540 κιιλ

198 569 296 636 αὐτόν
316 569 348 636 ἓν
369 567 491 649 τούτοις
510 569 603 653 εἶναι,
631 573 694 638 duri
715 575 807 640 stilos
830 574 886 640 οὐκ
908 567 947 659 ἦν
962 576 1105 660 γενέσθαι
1130 581 1191 642 τῶν
1211 603 1294 663 πρα-
1389 665 1394 671 .
1432 623 1451 672 ,¹

194 675 352 757 χθόντων,
380 671 422 752 ὥς
434 671 658 757 όιιελάμβανεν.
694 676 725 741 ἓν
740 673 861 754 τούτοις
879 676 993 762 διάγων
1006 674 1022 744 ό
1036 676 1181 780 Ἰιυάηνης
1193 682 1293 746 πολλά

197 777 254 859 μὲν
265 773 445 862 γραμμάτια
459 782 500 854 εἰς
514 789 616 864 χεῖρας
629 776 688 861 εἶχε
704 777 872 862 λαμβάνων
878 828 889 859 ,
918 779 938 844 ἃ
955 781 993 864 δὴ
1009 784 1060 846 καλ
1078 782 1108 847 oi
1121 779 1291 866 σχιζόμενοι

89 937 92 940 ,
172 881 372 961 tibridem,
396 878 562 957 δεικνάντες
576 881 633 967 τὴν
649 885 760 967 πρᾶξιν
780 879 822 958 ὥς
842 882 1000 968 σφαλερὰν
1017 885 1066 948 καλ
1086 891 1163 950 θεοῦ
1183 882 1291 976 πόρρῳ

195 979 392 1064 βάλλουσαν,
418 983 484 1066 ἅμα
498 985 532 1051 δὲ
548 989 598 1051 καλ
613 985 686 1061 rode
696 985 833 1059 ’Ῑταλοός
847 981 971 1068 ἐνόχους
984 985 1133 1070 αἱρέσεσιν
1148 987 1186 1054 οὗ
1203 1015 1292 1056 συνε-

196 1087 394 1169 σκιασμόναις
412 1086 514 1163 ἄλλως
533 1091 585 1152 καλ
605 1084 791 1175 ἀμφιβόλοις
812 1087 885 1153 ἀλλ’
911 1088 1058 1174 ἐμφανέσι
1082 1112 1114 1154 τε
1139 1092 1189 1154 καλ
1207 1098 1287 1173 λοιμ-
1304 1106 1329 1158 D

196 1200 298 1273 ιιραΐς.
351 1187 430 1274 εἶχον
449 1192 484 1256 δὲ
503 1194 554 1256 καὶ
571 1190 633 1257 ἀπὸ
646 1198 775 1276 γραφῶν
790 1188 832 1266 εἷς
853 1194 951 1275 δῆθεν
968 1191 1023 1267 τάς
1039 1187 1223 1272 όιιοδιλξεις,
1252 1193 1290 1270 ἃς

195 1295 246 1355 κοιλ
267 1290 515 1378 κατεστράννυον
533 1293 762 1381 συνεχέστερον,
796 1293 852 1359 κάν
874 1290 935 1360 nori
949 1319 979 1359 rr
998 1296 1049 1360 etei
1062 1289 1159 1379 άγίοις
1170 1291 1289 1383 ἐρρηθη

153 1409 189 1462 10
197 1391 419 1478 θεληματικόν,
446 1396 524 1462 εἴποι
544 1422 609 1478 τις,
636 1401 687 1464 καὶ
701 1397 737 1464 τό
754 1397 834 1462 κατὰ
850 1403 933 1482 σφᾶς
953 1396 1104 1477 παριστάν
1118 1400 1221 1479 ἰδίως,
1249 1396 1291 1476 ὥς

195 1501 264 1582 περὶ
281 1495 401 1585 εἰρήνης
420 1496 486 1566 οἷον
504 1496 547 1576 ὥς
561 1501 748 1586 ελρηνευτόον
766 1502 822 1582 μὲν
840 1498 918 1566 ὅπου
932 1501 977 1585 μὴ
993 1500 1068 1566 θεόν
1083 1500 1287 1585 ζημιοόμεθα,

194 1604 245 1665 καὶ
257 1601 444 1686 πολεμητέον
456 1595 550 1679 αὖθις
565 1600 643 1671 ὅπου
657 1606 844 1689 ζημιοῦσθαι
857 1602 931 1669 θεὸν
946 1598 1156 1686 κινδυνεύομεν
1163 1653 1173 1684 ,
1201 1605 1287 1671 ταῦτ’

194 1706 300 1771 ἐκεῖνοι
313 1705 392 1792 πρὸς
407 1705 444 1771 τό
460 1702 707 1790 καθολικώτερον
728 1705 971 1792 μεταφέροντες,
995 1709 1046 1771 καὶ
1065 1704 1144 1771 data
1161 1713 1288 1772 πλεῖστα

192 1814 322 1873 τοιαῦτα
343 1809 569 1893 παρενελροντες
593 1821 662 1885 ταῖς
688 1816 777 1896 σφῶν
802 1818 1010 1895 συγγραφαῖς,
1044 1811 1200 1895 παρίστωυ
1229 1810 1326 1894 crivit}

151 1925 186 1980 15
195 1915 306 1994 πρᾶξιν
325 1906 367 1985 ὥς
389 1906 558 1995 σφαλερόν.
609 1904 647 1993 ἦν
670 1914 704 1976 δὲ
723 1911 759 1978 τά
785 1908 931 1992 ἑπόμενον
950 1915 982 1988 ἐξ
1005 1907 1139 1996 ἀνάγκης
1158 1909 1286 1998 γράφειν

193 2011 331 2076 κάκεῖνον
342 2013 393 2076 καὶ
407 2012 628 2098 άπολογεῖσθαι
641 2013 695 2100 ἐφ’
710 2010 830 2102 ἑκάστῳ
844 2020 906 2078 τῶν
920 2014 1098 2099 λεγομένων.
1150 2013 1224 2078 ἀλλ’
1243 2016 1287 2080 εῖ-

193 2113 257 2190 ιλιιλς
268 2109 415 2200 αλρόμενα
428 2111 587 2180 σκάνδαλα
605 2112 646 2191 ὥς
663 2113 761 2200 λόγων
783 2115 883 2203 λόγοις
894 2117 1095 2199 μαχομένων,
1124 2117 1155 2194 ἐξ
1173 2107 1216 2182 ὧν
1231 2117 1287 2184 οὐκ

192 2215 258 2282 ἔστι
285 2213 509 2304 διαδιδράσκειν
527 2216 548 2301 ἢ
570 2210 667 2284 οὖσαν
688 2218 708 2304 ἢ
731 2222 885 2287 δοκοῦσαν
905 2222 1090 2308 κατηγορίαν
1111 2218 1160 2284 dul
1182 2245 1286 2308 ιιαρα-

190 2467 241 2521 ἱιιιι
256 2467 434 2542 snspicebetnr
449 2466 518 2537 quod
541 2470 619 2523 entes
639 2468 777 2535 timuerat,
802 2486 855 2523 rem
879 2468 987 2523 ulterius
1012 2486 1186 2539 processuram
1209 2486 1286 2541 quem

190 2553 241 2606 quo
259 2541 329 2590 esset
342 2537 467 2591 haetenus
479 2546 603 2606 promote.
639 2556 670 2593 eo
685 2539 764 2607 igitur
786 2540 894 2609 bospitio
909 2539 1019 2593 Ioannes
1034 2550 1127 2603 utens,
1150 2539 1241 2593 multos
1258 2540 1285 2593 in

190 2622 278 2659 manns
299 2608 409 2676 sumpsit
431 2606 544 2675 legitque
569 2607 666 2661 libellos
690 2610 723 2661 ab
747 2608 781 2662 iis
805 2609 957 2678 compositos
997 2608 1023 2660 ui
1040 2610 1241 2677 perseverabant
1256 2608 1285 2661 in

189 2675 343 2741 sebismste3
358 2692 465 2746 quornm
481 2681 538 2729 eret
552 2693 646 2745 scopus
666 2678 803 2731 ostendere
819 2683 963 2745 suspectum
978 2626 1035 2729 ¹boc
1051 2684 1133 2731 totum
1149 2677 1221 2747 pacis
1238 2696 1283 2731 ne·
1351 2718 1355 2727 .

189 2744 287 2811 gotium
303 2760 375 2807 esse,
392 2746 518 2814 longeque
533 2763 550 2798 a
569 2745 617 2798 deo
639 2762 671 2798 ac
687 2762 751 2798 vera
765 2746 888 2813 religione
910 2761 957 2797 nos
979 2745 1124 2810 abducens3
1148 2753 1284 2814 praeterea

188 2812 268 2865 ltalos
290 2812 431 2865 haereseon
451 2814 534 2865 teneri
556 2830 632 2878 reos,
655 2830 793 2885 urumque
816 2832 866 2867 non
891 2812 1046 2865 occultarum
1071 2820 1117 2865 aut
1140 2814 1284 2866 ullomodo

189 2881 341 2946 dubiarum,
365 2882 413 2935 sed
436 2881 589 2934 evidentium
611 2888 639 2934 et
653 2883 801 2935 ‘meridiane
824 2882 942 2935 claritate
964 2886 1157 2949 compertarum.
1196 2881 1284 2935 talium

189 2958 343 3003 assertorum
360 2951 512 3004 documenta
527 2966 556 3003 se
578 2950 674 3004 bebere
694 2950 796 3003 seilicet
812 2952 915 3003 aiebant
930 2950 1063 3001 manifesta
1080 2951 1206 3017 planeque
1222 2967 1284 3003 con-

186 3019 314 3072 vincentia
336 3018 482 3072 testimonie
508 3018 661 3088 scriptorum
689 3019 906 3082 authenticorum,
929 3033 997 3086 quae
1020 3022 1047 3069 et
1069 3016 1200 3069 ambitiose
1219 3034 1283 3071 con-

187 3095 305 3140 texentes
321 3089 495 3158 proferebant.
530 3089 602 3141 acsi
619 3089 686 3158 quod
704 3097 849 3141 sanctorum
867 3094 993 3141 assertum
1011 3085 1036 3138 in
1060 3086 1215 3139 contrarium
1233 3104 1282 3156 op·

187 3165 337 3226 poneretur,
356 3157 463 3225 primum
480 3156 641 3225 excipiebant
656 3158 835 3223 arbitrarium,
847 3163 881 3217 ¹ut
898 3156 954 3227 quis
971 3154 1080 3219 dixerit,
1097 3155 1123 3207 id
1141 3171 1215 3220 esse,
1232 3156 1282 3208 boo

187 3232 227 3278 est
243 3243 291 3295 pro
307 3228 362 3278 sole
378 3229 508 3279 voluntate
532 3227 590 3296 psci
612 3227 768 3280 studentium
785 3228 818 3280 ed
839 3224 989 3279 concordiae
1012 3224 1114 3277 oblatae
1131 3226 1282 3293 comproba·

186 3295 280 3348 tionem
303 3296 494 3348 accommodari.
530 3296 623 3349 deinde
645 3296 819 3349 concedebant
848 3294 989 3348 iaciendum
1019 3311 1081 3347 sane
1123 3310 1208 3359 ecem,
1233 3294 1281 3348 sed

186 3369 247 3416 tunc
270 3369 383 3428 mntem,
409 3365 509 3433 quando
534 3381 584 3417 non
608 3365 753 3433 exigeretur
774 3380 910 3418 consensus
933 3363 958 3416 in
982 3360 1077 3433 idque
1112 3379 1168 3415 eum
1184 3364 1280 3417 offendi

187 3439 330 3486 constaret:
356 3434 524 3502 nequeenim
546 3434 588 3487 dei
612 3436 713 3487 iactura
736 3436 801 3487 bene
823 3433 1032 3503 tranquillitatem
1059 3430 1125 3495 emir
1148 3432 1280 3502 satiusque

185 3504 264 3555 nerito
287 3518 345 3555 esse
366 3502 516 3568 decertare,
541 3502 587 3555 ubi
609 3520 642 3556 ne
657 3522 675 3557 a
697 3504 747 3555 deo
762 3521 874 3572 vereque
898 3502 1021 3570 religione
1043 3502 1187 3554 excidamus
1204 3519 1282 3572 prae·

184 3588 244 3625 sens
260 3570 401 3641 periculum
418 3571 460 3625 sit.
494 3573 556 3625 talia
571 3572 607 3625 illi
630 3572 658 3627 in
674 3572 783 3625 maxime
799 3572 949 3630 catholicam
966 3573 1152 3624 conformantes
1168 3571 1279 3637 speciem

183 3640 331 3693 scribebant
346 3640 573 3711 disserebeatqne‚
596 3642 674 3694 multa
693 3642 720 3694 in
737 3658 793 3694 eam
809 3642 960 3695 sententiam
978 3639 1105 3693 accuratis
1122 3638 1279 3691 lucubratio-

183 3708 259 3790 nibus
276 3709 444 3791 plausibiliter
455 3720 648 3793 ,congerentem
673 3712 766 3793 quibus
790 3717 929 3793 appareret
947 3725 1041 3779 enceps
1062 3708 1132 3761 istud
1149 3713 1279 3789 totumue

183 3780 422 3899 dedititii
438 3778 797 3917 litlotl‘tlp‘tl'lt
815 3778 1280 3913 mittit·ittllrlsstzlllt‘!

183 3915 262 3983 dique
277 3916 421 3984 singiliatim
438 3917 471 3969 ed
487 3916 595 3982 singule.
628 3917 674 3969 sed
695 3918 762 3971 idem
779 3919 917 3987 providens
934 3933 967 3968 ex
985 3915 1035 3967 isto
1052 3914 1171 3967 aientium
1189 3922 1216 3965 et
1232 3931 1279 3968 ne·

182 3984 296 4052 gentium
319 3986 437 4037 condictu
460 3985 612 4053 scriptorum
635 3994 757 4054 eruptura
773 3987 913 4049 scandale,
936 3984 1000 4036 raris
1018 3983 1155 4036 lectoribus
1173 3998 1205 4036 ea
1220 3983 1278 4037 luce

183 4052 262 4107 animi
278 4052 439 4122 vigentibus,
455 4062 484 4107 ot
500 4053 673 4107 blandientem
683 4055 802 4124 utrinque
818 4056 843 4107 in
861 4053 998 4108 commissis
1014 4051 1124 4105 invicem
1141 4068 1277 4120 argumen-

183 4122 219 4174 tis
235 4123 411 4175 altercantium
427 4122 655 4177 verisimilitudinis
670 4123 780 4193 speciem
797 4142 860 4177 sano
873 4124 965 4176 iudicio
978 4122 1158 4189 discernerent,
1175 4139 1223 4176 nec
1237 4126 1276 4177 la·

183 4191 232 4244 cile
246 4191 367 4262 scriptori
383 4192 498 4262 quamvis
514 4199 590 4245 cauto
606 4193 662 4245 iore
678 4209 733 4244 eam
756 4190 784 4245 iu
800 4193 847 4247 tali
867 4192 1002 4245 tractando
1026 4197 1173 4258 argumento
1189 4194 1278 4246 mode-

148 4329 153 4340 ·
182 4260 308 4315 redonen
323 4268 428 4331 tenere,
447 4269 476 4315 nt
492 4262 555 4316 satis
570 4278 629 4316 sese
644 4262 810 4316 subtraberet
830 4263 1008 4333 plerorumque
1025 4262 1275 4332 reprehensionibus,
