3125 4900
297 973 348 1058 P.
390 965 659 1058 POSSINI
699 959 1096 1058 DEDIGATIO.

435 1228 658 1298 sutem
690 1227 961 1298 manualis

143 1345 195 1452 U
295 1343 345 1448 R
436 1343 481 1447 B
575 1340 625 1446 A
719 1337 769 1446 N
865 1338 890 1446 1
1021 1337 1242 1454 Vlll.

358 1497 580 1575 suman
628 1493 1037 1576 roaa1v1c1s

209 1613 611 1704 GEORGIUS
669 1609 1185 1703 PACHYMERES

278 1751 407 1818 Eitis
440 1749 763 1816 BEttssltlcto
796 1747 1120 1856 REDIVIVJJS

431 1848 727 1908 rurroa'rruus
759 1849 964 1905 casuras.

143 1949 353 2070 Synagogae
376 1991 488 2053 veteris
510 1989 698 2074 pontilicrbus
725 2010 829 2054 sacrae
853 1989 956 2053 literae
983 1999 1153 2054 memorant
1180 1985 1245 2050 sin-

143 2091 248 2173 gulari
274 2087 434 2175 privilegio
460 2089 614 2174 tributum,
644 2101 679 2154 ut
706 2101 805 2152 morte
834 2111 888 2152 suu
916 2087 1084 2176 panderent
1114 2085 1246 2150 reditum

144 2195 297 2257 exulibrn.
338 2193 408 2278 plus
432 2213 523 2276 posse
547 2213 648 2257 novae
673 2191 749 2272 legis
774 2201 805 2254 et
826 2187 937 2254 Christi
958 2187 1101 2253 ecelesiae
1122 2185 1246 2272 pontili-

145 2317 197 2360 cos
218 2294 346 2357 feliciter
365 2293 505 2378 experior
522 2294 617 2358 bodie
637 2315 656 2358 a
676 2291 741 2367 Te,
769 2291 854 2358 cuius
883 2291 975 2378 gratia
997 2287 1113 2354 dudum
1133 2287 1246 2351 mortui

143 2395 328 2484 iampridem
363 2407 394 2459 et
425 2397 492 2483 ipse
520 2409 658 2461 mortuus
687 2397 788 2461 luceru
816 2395 939 2481 aspicio.
981 2413 1162 2483 propagasse
1191 2412 1244 2455 ma

142 2512 284 2585 putaram
310 2498 406 2563 vitam
437 2502 565 2564 brevem
589 2500 623 2562 in
651 2500 831 2587 posthumae
850 2496 1081 2563 immortalitatis
1100 2494 1244 2585 perenni-

143 2598 252 2679 tatem,
282 2598 438 2663 suibenda
459 2598 534 2665 dum
553 2602 690 2667 viverem
709 2600 834 2665 historia
855 2600 918 2663 mei
939 2598 1099 2687 temporis,
1120 2608 1151 2660 et
1171 2594 1245 2659 actis

144 2724 208 2765 non
228 2698 360 2783 indignis
380 2703 501 2785 cognitu
521 2704 741 2789 principatuum
762 2700 908 2783 duorum,
929 2702 1037 2789 quibus
1057 2710 1088 2763 at
1109 2718 1166 2761 nos
1187 2696 1243 2758 ali-

146 2801 228 2888 quod
258 2825 432 2891 nomenque
456 2804 607 2893 decusque
634 2827 836 2887 gesseramus,
864 2826 903 2869 ex
924 2808 1041 2869 oculata
1059 2800 1164 2864 notitia
1186 2796 1244 2859 du-

145 2906 221 2991 plici
236 2906 393 2970 volumino
413 2904 589 2988 vulgandis:
609 2905 665 2970 sed
686 2928 778 2993 quam
798 2907 857 2970 sint
878 2908 1008 2970 incertae
1029 2924 1098 2991 spes
1122 2912 1152 2963 et
1172 2920 1244 2985 pro-

144 3004 298 3073 videntiae
315 3010 468 3073 humanae
486 3030 557 3074 sero
578 3006 778 3095 deprehendi,
804 3020 876 3097 post
896 3010 1010 3073 cineres
1030 3006 1154 3071 demum
1173 3024 1244 3067 sen-

145 3108 228 3169 tiens
254 3108 310 3169 ista
336 3110 398 3175 duo
420 3133 437 3175 a
458 3134 510 3175 me
529 3112 627 3195 longis
654 3112 825 3175 elucubrata
845 3110 970 3191 vigiliis,
998 3119 1029 3171 at
1047 3126 1155 3195 parum
1176 3108 1245 3167 iau-

144 3209 199 3273 stis
232 3211 371 3295 auspiciis
401 3236 493 3302 opera
522 3237 576 3302 pro
605 3235 674 3277 arce
699 3208 859 3277 Minervae
887 3232 976 3299 quam
1004 3210 1047 3275 eis
1069 3204 1243 3297 desponde-

144 3334 230 3391 ram,
261 3312 339 3376 nibil
370 3318 429 3380 nisi
463 3338 612 3381 carcerem
640 3316 777 3378 Latonae
805 3314 967 3401 reperisse,
999 3312 1052 3377 ubi
1077 3308 1242 3375 tenebrosis

145 3414 303 3477 constricta
322 3417 450 3482 vinculis
470 3422 585 3482 sarnam
604 3439 710 3482 secum
731 3439 835 3481 meam
856 3416 1017 3482 oblivionis
1039 3410 1173 3503 quodam
1191 3421 1242 3473 tu-

143 3520 229 3578 rnulo
251 3518 404 3581 conditam
424 3532 603 3606 premerent.
645 3542 757 3609 nempe
776 3521 827 3582 illa
849 3516 1052 3583 Othomanica
1068 3524 1243 3603 tempestas,

142 3639 222 3703 quae
242 3617 342 3682 deleto
362 3622 490 3707 imperio
512 3620 675 3699 Orientali,
694 3622 852 3705 subiugata
871 3618 1145 3705 Constantinopoli,
1166 3636 1242 3701 opes

141 3720 278 3783 literatae
305 3718 450 3786 Graeciae
477 3726 598 3787 funesto
619 3724 776 3804 naufragio
805 3722 979 3803 submersit,
1010 3744 1098 3785 meac
1118 3737 1241 3807 quoque

140 3821 286 3883 historiae
307 3825 450 3909 exempla
469 3825 632 3889 barbaricis
644 3826 784 3889 {luctibus
798 3826 946 3915 absorpsit
960 3826 1110 3913 pleraque,
1132 3818 1240 3883 tabulis

141 3919 287 3985 duntaxat
308 3926 435 3999 truncis,
462 3939 492 3990 et
511 3927 644 4015 reliquiis
666 3928 793 3993 exilibus
814 3929 847 3990 in
867 3924 1016 4015 quaedam
1038 3926 1122 3990 velut
1140 3920 1240 3983 littora

139 4043 176 4083 ac
196 4036 301 4107 portus
320 4026 571 4093 bibliothecarum
592 4031 705 4097 eiectis.
745 4032 853 4097 barum
880 4030 912 4093 in
933 4030 1102 4113 Augustana
1130 4046 1241 4105 conge-

134 4134 222 4187 stum
244 4130 400 4190 cumulum
419 4130 496 4193 vidit
516 4132 591 4195 olim
613 4132 769 4212 wolfius,
798 4132 852 4198 sed
876 4136 960 4197 velut
979 4132 1029 4193 ille
1051 4126 1241 4209 evangelicus

138 4226 248 4293 Levita
269 4231 303 4291 in
323 4252 449 4295 occursu
471 4233 670 4297 Hiericuntini
691 4234 814 4298 viatoris
840 4235 990 4297 latronum
1012 4230 1118 4295 iniuria
1139 4224 1243 4305 saucii,

139 4350 210 4394 oum
230 4342 315 4396 esset
332 4336 541 4400 serculorum
559 4348 590 4401 et
605 4327 737 4416 videret,
757 4336 941 4423 pertransiit:
963 4332 1036 4422 quid
1057 4334 1140 4397 enim
1160 4326 1242 4392 aliud
