3125 4900
536 201 656 273 emt
699 202 977 275 GLOSSARIUM.
1211 210 1286 283 583

182 370 317 435 chetim
327 368 533 451 Paleeoleflnm
543 370 650 450 legioni
664 369 843 435 Heliconem
853 371 1048 437 Meaethiniae
1063 377 1152 455 vulgo
1165 396 1286 439 nemen·

182 468 272 539 patae
286 457 330 533 εἰς
343 454 482 538 menide
495 454 606 534 ῐταξεν,
627 460 699 516 meit
713 480 748 517 ιιι
762 470 843 535 terte,
864 468 901 519 ut
913 456 992 518 earn
1003 458 1092 533 hodie
1103 463 1288 539 loquuntur„

182 542 243 605 hoo
264 552 319 619 aet,
340 542 447 603 ducem
462 542 648 623 praeposuit3
669 542 835 618 sedetiam,
856 544 940 621 qnod
954 542 1200 606 honoriticentiue
1213 548 1281 623 snit,

180 628 301 689 euboeae
319 628 417 687 eidem
433 626 533 689 voluit
550 625 705 688 eohortem
726 621 900 709 ὄττιμάτιιν
922 628 1051 706 dictam,
1072 632 1111 691 de
1129 652 1189 710 qna
1206 652 1281 692 voce

180 713 251 774 vida
267 715 320 790 aia,
342 713 452 787 lector,
474 732 551 791 qnae
562 713 650 792 paulo
668 714 792 775 inferius
806 714 1024 777 annotabimus.
1066 736 1128 777 non
1142 716 1279 777 omittam

179 797 342 859 admonere
355 798 438 879 apud
451 798 654 879 Acropolitam
677 820 702 859 c.
717 797 758 862 64
779 799 857 858 Hire.
871 802 1072 880 μεσιιθυνλιιε,
1094 803 1132 860 de
1150 822 1209 881 que
1228 800 1279 862 hie

178 894 299 961 amum,
320 904 389 945 cum
403 907 423 947 e
435 884 534 945 scribi.
576 884 692 943 cedices
710 884 851 964 Pechym.
871 904 940 944 cam
961 910 974 949 ι
997 888 1180 965 proctector
1202 908 1278 947 con·
1345 900 1349 910 ’

177 976 294 1031 atanter
311 968 457 1031 acribunt.
498 968 554 1029 hoe
567 966 841 1049 neruprersimm.
882 969 925 1029 eie
938 979 970 1029 et
981 971 1014 1031 in
1029 970 1235 1035 Tocharorum
1247 982 1279 1032 et

178 1054 242 1115 aliia
259 1053 437 1133 qnibnrdam
455 1053 607 1117 vocabulis
627 1055 800 1134 Acropolita
817 1075 835 1113 a
853 1064 957 1115 nostro
972 1054 1089 1131 differt,
1110 1076 1166 1118 nec
1180 1060 1279 1117 noatri
1294 1058 1317 1113 Ρ
1332 1055 1386 1113 402

175 1138 279 1201 iudicii
300 1149 344 1199 eet
364 1138 488 1201 definire
502 1150 572 1201 uter
588 1142 743 1202 erraverit.
785 1159 878 1220 quare
893 1130 959 1201 r‘em
974 1142 1116 1221 integram
1129 1142 1277 1221 relinqui·

175 1244 258 1285 mur:
279 1225 362 1303 quod
373 1224 536 1307 reperimur
552 1226 666 1287 damur.

260 1314 304 1373 M
308 1310 372 1374 im
392 1330 423 1391 p.
434 1315 498 1378 216
512 1331 541 1373 v.
555 1310 605 1378 15.
646 1310 689 1370 ait
701 1308 786 1389 Mepe
796 1308 909 1369 iberiae
919 1308 1028 1371 Davidi
1040 1310 1140 1371 datam
1150 1312 1183 1371 in
1195 1332 1275 1372 uxo-

173 1413 239 1457 rem
257 1394 348 1455 filiam
369 1396 500 1476 aperiam
519 1396 649 1476 coniugia
664 1396 804 1476 deepotne
817 1394 944 1457 loannia.
986 1396 1039 1456 nbi
1055 1394 1128 1475 quid
1141 1398 1274 1477 enapica-

173 1499 244 1541 mnr
257 1479 340 1541 alind
355 1500 445 1561 quam
458 1502 627 1562 supremam
642 1482 674 1541 in
688 1480 783 1541 iberia
794 1489 970 1561 poteetatem
981 1481 1128 1541 vocabulo
1141 1483 1202 1543 iate
1216 1482 1273 1541 de-

172 1565 300 1645 aignari,
321 1575 358 1627 ot
377 1566 455 1629 aicut
476 1568 564 1629 crelin
581 1566 748 1642 tuschia,
769 1566 870 1627 aulem
886 1566 917 1627 in
931 1567 1051 1627 Percide
1065 1575 1139 1627 tunc
1153 1568 1274 1629 diceba-

171 1658 243 1727 tur,
271 1650 325 1729 qni
346 1652 436 1713 rebar
455 1650 517 1713 illic
538 1661 690 1735 praeerat,
709 1651 753 1713 ric
771 1651 928 1712 iberorum
949 1630 1148 1713 Keiatioornm
1171 1662 1273 1717 rector

170 1738 258 1817 Mepa
271 1746 440 1799 vocaretur.
478 1737 516 1800 de
530 1758 590 1819 qno
603 1747 704 1798 umen
716 1737 842 1819 arnpline
853 1738 1029 1819 pronnntim
1048 1736 1150 1817 quoad
1162 1738 1274 1800 certina

170 1820 291 1883 cinerei
303 1822 507 1887 testimonium
518 1832 659 1903 anppetat
671 1820 720 1904 ⁴¹).

256 1902 474 1989 paeniteatne
494 1930 525 1989 p.
537 1912 596 1974 861
612 1928 642 1970 v.
657 1912 687 1973 3.
729 1907 771 1969 ait
788 1904 984 1967 odmieaoead
999 1924 1117 1966 omnm
1131 1926 1270 1967 commu·

168 1989 289 2053 nionem
308 2013 461 2055 mororum
472 1993 593 2053 Latinoa
609 2014 627 2053 a
642 1992 760 2053 Graecia
771 1992 856 2052 iuaan
869 1992 1073 2071 imperatoria,
1092 1991 1270 2051 reconcilia-

35 2092 36 2099 *
168 2078 282 2141 tionem
299 2078 488 2139 cocheiacum
505 2079 710 2160 peonitentia,
738 2086 864 2157 excepta
888 2071 1071 2157 μεταλήψει,
1098 2096 1188 2155 qnam
1205 2096 1269 2139 non

167 2162 359 2241 quaerebant.
401 2173 433 2224 et
449 2172 550 2225 tamon
574 2173 662 2227 antea
683 2162 803 2223 dixerat
818 2180 869 2223 eoa
886 2162 1118 2221 communicem
1131 2162 1219 2221 etiem
1233 2160 1269 2225 te

35 2264 36 2271 ’
165 2240 335 2329 μεταλήψει
352 2252 407 2313 τοῦ
426 2250 516 2315 θείου
537 2244 629 2331 ἄητον
643 2244 681 2313 dv
697 2240 863 2331 άιτλδιιροι
877 2246 1016 2345 λέγουσιν
1033 2248 1267 2327 inperceptiora

163 2335 249 2393 sacri
259 2336 356 2413 porcia
375 2356 461 2413 quem
483 2332 663 2395 coeldorum
687 2331 805 2395 dicunt.
848 2352 900 2413 qua
914 2332 999 2413 panio
1012 2350 1265 2410 cumrepraeaan-

35 2440 36 2443 ¹
162 2426 245 2482 teret
260 2418 477 2498 eucharistiam,
492 2420 635 2482 videntur
650 2420 739 2480 etiam
750 2418 849 2480 Latini
860 2438 922 2479 non
936 2418 1102 2480 recusaturi
1114 2434 1180 2478 eom
1195 2436 1265 2482 cum

164 2504 283 2564 Graecia
295 2507 454 2586 percipere.
485 2507 627 2571 nimirem
641 2501 810 2586 μετάληψις
823 2525 862 2564 ex
874 2524 933 2565 mu
946 2505 1130 2564 Graecorum
1142 2505 1265 2582 proprie
1379 2519 1384 2524 ·

162 2588 310 2668 eigru'ficat
330 2591 528 2673 emptionem
546 2592 609 2652 vini
629 2592 810 2665 consecrati,
837 2590 902 2648 aive
926 2590 1089 2669 apcciernm
1112 2588 1263 2666 aanguinia

162 2671 288 2751 Christi,
310 2697 400 2754 quam
418 2676 486 2738 ideo
506 2677 538 2740 in
561 2676 767 2744 communione
784 2675 859 2736 laica
878 2672 974 2736 Latini
993 2695 1054 2732 non
1068 2674 1263 2750 quaerebant,

160 2753 220 2824 οάιι
238 2759 377 2847 impiere,
398 2761 480 2839 qnod
498 2782 532 2822 aa
551 2763 606 2824 eibi
626 2761 758 2822 aciehant
772 2757 968 2822 interdictum
985 2757 1050 2816 rita
1063 2755 1265 2816 occidentalia

159 2844 305 2910 eccleciae.
350 2846 453 2908 docuit
471 2867 518 2907 me
532 2845 612 2907 hanc
627 2845 841 2926 proprietatem
855 2843 938 2905 voeia
948 2839 1117 2921 μετάληψις
1128 2841 1176 2899 vir
1186 2860 1260 2919 pcr-

159 2931 297 2994 eruditua
311 2940 341 2990 ct
352 2931 385 2992 in
396 2932 498 3012 primia
510 2933 605 2993 aciena
617 2931 799 2991 Graecorum
813 2929 937 2988 Ritnum
948 2926 1072 2988 laeobua
1085 2925 1166 2984 Goar
1179 2925 1215 2984 0.
1225 2925 1260 3000 P,

159 3017 211 3094 qui
234 3017 315 3076 notia
331 3017 370 3076 ad
382 3017 544 3098 Litargiam
563 3021 592 3078 S.
606 3017 723 3080 loannis
740 3015 893 3094 Chryeoat
909 3032 938 3092 p.
955 3011 1017 3076 150
1030 3009 1195 3088 Eucholeg.
1206 3027 1258 3068 re-

156 3103 218 3163 sert
232 3103 362 3162 Graecos
374 3103 405 3163 in
417 3103 480 3184 ipsa
494 3103 596 3164 altaria
609 3101 723 3163 concha
737 3100 894 3182 depingere
906 3096 1061 3175 imaginem
1075 3093 1185 3154 Christi
1199 3094 1258 3154 de·-

156 3187 230 3248 mini
241 3187 399 3268 pontificiis
412 3189 544 3249 veatibne
562 3189 678 3264 ornati,
702 3185 864 3247 demaaatie
876 3182 1012 3244 menihna
1028 3199 1134 3262 panem
1149 3197 1257 3240 cenae·

155 3283 273 3332 cretum
296 3273 418 3350 dextra,
445 3275 566 3334 celicam
593 3293 667 3334 vero
686 3273 806 3334 ainiatra
823 3268 1017 3350 proferentia,
1048 3265 1192 3346 inscripto
1214 3265 1255 3325 ad

155 3356 312 3418 dexteram
329 3368 359 3418 et
377 3379 494 3420 oacrum
517 3357 628 3419 Christi
649 3378 757 3438 corpur
777 3355 926 3417 vocabule
945 3345 1116 3434 μετάδοσις,
1137 3349 1176 3410 od
1188 3351 1254 3410 lae-

153 3463 225 3504 vam
243 3463 318 3504 vero
339 3453 370 3504 et
392 3446 511 3505 calicem
532 3453 635 3506 noatra
648 3442 705 3502 hac
719 3461 794 3502 voce
807 3435 981 3524 μετάληψις.
1022 3435 1094 3499 hinc
1107 3435 1252 3496 habemur

153 3522 349 3608 μεταλήψεται
369 3530 550 3592 recahulum
570 3528 729 3608 aliquando
750 3528 873 3608 proprie
891 3523 1109 3588 accommodari
1123 3519 1162 3580 ad
1176 3541 1249 3600 per-

153 3613 318 3694 ceptionem
338 3616 415 3676 eecri
433 3616 539 3678 celicia
581 3614 647 3676 dixi
664 3611 854 3694 aliquando,
882 3611 952 3690 qnia
970 3617 1090 3690 praeter
1110 3605 1145 3668 id
1166 3603 1249 3684 quod

152 3699 304 3776 superior,
323 3709 360 3760 ut
381 3701 473 3762 modo
494 3700 707 3776 admonebam,
729 3693 896 3779 μετάληψις
917 3693 1089 3774 adiungitur
1106 3695 1151 3775 cpi
1170 3690 1248 3774 θείῳ

151 3779 241 3866 ἄρτῳ.
284 3783 373 3844 etiam
392 3787 468 3848 inira
489 3807 514 3848 c.
528 3790 569 3851 86
585 3785 640 3852 [6
662 3786 827 3862 imperator
842 3778 1042 3842 monhondue
1063 3777 1173 3837 dicitur
1190 3771 1248 3852 τὴν

151 3865 244 3949 άγίιιν
265 3861 434 3952 μετάληψιν
461 3871 607 3952 δέχεσθαι.
649 3869 771 3931 videtur
785 3876 885 3927 antem
899 3863 1106 3928 indicaredlic
1120 3859 1245 3920 histori-

150 3972 204 4013 cua
226 3953 370 4033 volnieae,
390 3957 546 4038 cumprime
562 3966 637 4016 tunc
655 3955 740 4014 illam
758 3952 966 4014 euchariatiam
985 3969 1046 4028 qno
1060 3945 1154 4008 modo
1166 3945 1245 4006 eole-

149 4037 225 4102 Μ
245 4058 362 4101 tumore
381 4043 523 4108 morituri
543 4041 625 4126 apud
637 4043 780 4120 Graecae,
801 4037 861 4101 hoc
872 4045 920 4098 eet
933 4035 989 4098 auh
1002 4043 1130 4115 unaque
1140 4031 1246 4114 specie.

217 4223 249 4292 ⁸)
284 4225 317 4278 ei.
334 4226 493 4284 ermetem
508 4228 625 4282 altercer.
