3125 4900
341 315 417 389 ees
641 311 878 423 ousauvar.
901 311 1136 387 ramnus.

338 484 377 544 ab
399 481 541 544 occiduis
560 480 697 561 partibus
719 500 787 541 cum
805 478 1046 541 summonuimo
1062 475 1336 539 exurituiniastns
1348 478 1443 539 con-

340 569 535 648 stantinopoli
554 588 586 627 ae
612 568 766 644 admouet,
788 566 876 627 obvia
897 584 1032 645 quaeque
1050 564 1136 627 foede
1157 572 1276 625 vastam
1290 576 1322 623 et
1335 566 1442 623 multa

338 651 511 733 blaspheme
525 652 558 711 in
578 652 667 711 deum
684 653 810 715 minans.
853 650 957 711 eodem
975 660 1112 731 tempore
1128 648 1273 708 sarbarus
1291 650 1403 710 missus
1420 670 1443 708 a

339 738 470 799 Chcsroe
486 756 554 797 cum
570 738 665 816 copiis
678 736 870 797 validissimis
882 736 1050 797 Orientalcs
1067 734 1240 815 provincias
1256 734 1316 793 late
1328 754 1443 815 popu-

339 824 417 883 latus
436 833 466 883 et
484 822 549 901 ipse
569 824 660 881 altera
676 842 713 883 ex
727 832 811 902 parte
823 820 1115 902 Constantinopolim
1139 818 1326 899 aggreditur,
1351 821 1440 878 serre

338 908 516 987 flammaque
533 908 644 987 passim
668 910 812 973 saevient.
851 907 924 966 inde
945 924 984 965 ex
1009 902 1177 985 composito
1203 902 1321 964 barbari
1343 904 1441 963 ambo

339 1002 419 1053 terra
434 992 568 1071 merique
578 992 683 1053 urbem
696 992 786 1052 simul
800 1000 988 1072 oppugnant.
1028 992 1081 1050 sed
1093 1008 1163 1049 cum
1176 988 1347 1069 patriarch
1360 989 1441 1049 Ser-

339 1078 406 1158 gius
421 1078 567 1160 populum
581 1078 617 1137 ad
633 1076 787 1137 fidendum
799 1078 830 1136 in
846 1077 983 1157 deiparae
994 1074 1160 1157 patrocinio
1172 1076 1327 1156 ipsamque
1339 1075 1441 1134 iuvo-

342 1164 468 1223 candam
488 1182 549 1220 non
566 1162 677 1221 frustra
694 1170 770 1223 esset
788 1161 979 1238 adhortatus,
999 1169 1062 1221 tam
1082 1160 1237 1220 manifesta
1257 1160 1303 1219 ira
1326 1159 1378 1218 dei
1399 1159 1441 1219 ias

340 1258 504 1327 utrumqne
513 1246 652 1307 hostilem
665 1248 830 1308 exercitum
841 1246 986 1323 incubuit,
1006 1256 1043 1305 ut
1056 1254 1086 1305 et
1098 1254 1252 1305 terrestres
1264 1245 1374 1324 copiae
1383 1245 1441 1304 in-

341 1334 514 1393 ternecione
532 1332 714 1410 delerentur,
736 1342 767 1392 et
782 1331 885 1392 classis
896 1332 1040 1393 universa
1054 1341 1163 1392 exortu
1178 1330 1327 1410 procellas
1341 1330 1439 1389 anbi-

341 1426 407 1493 tae,
430 1436 468 1477 ex
490 1416 558 1477 sinu
577 1418 688 1477 Ceratis
712 1418 795 1477 dicto
813 1416 852 1476 ad
868 1415 1103 1478 substructiones
1121 1416 1228 1497 templi
1242 1415 1383 1495 deipame
1400 1415 1438 1474 in

340 1502 445 1563 littere
459 1502 496 1561 ad
509 1500 689 1563 blachernas
700 1503 760 1580 siti,
780 1502 863 1561 allisa
877 1504 1073 1578 frangeretur.
1114 1501 1148 1561 iu
1160 1501 1322 1579 gratiarum
1332 1502 1436 1559 aerios

340 1606 410 1647 nam
440 1607 497 1667 pro
520 1596 605 1646 tants
633 1587 760 1647 victoria
783 1587 916 1668 populns
938 1586 1285 1668 Comtantinepalitanus
1309 1596 1437 1646 noctem

339 1671 533 1753 pervigilavit
554 1672 587 1731 in
606 1670 744 1733 laudibus
764 1672 918 1752 deiparae,
939 1682 970 1733 et
982 1672 1182 1733 anniversaria
1196 1670 1339 1751 deinceps
1354 1670 1436 1731 reli·

341 1756 430 1837 gione
452 1757 533 1819 idem
552 1765 688 1837 repetens
705 1757 825 1818 initium
845 1757 931 1818 dedit
953 1756 1035 1817 huic·
1049 1758 1141 1833 festo,
1168 1757 1248 1835 quod
1267 1756 1380 1817 deiude
1398 1757 1435 1815 in

337 1860 500 1923 persenam
522 1841 693 1905 firmitatem
714 1852 758 1905 eat
774 1842 939 1903 stabilitum
953 1841 1068 1925 duplici
1086 1843 1147 1902 alia
1160 1841 1299 1922 deiparae
1315 1840 1435 1901 bansti-

339 1928 397 1987 cio.
439 1946 508 1987 nam
524 1946 593 1987 cum
609 1937 679 2007 post
694 1946 804 1989 annum
818 1927 1001 2007 trigesimum
1016 1936 1135 1988 sextum
1145 1926 1267 2007 imperii
1281 1928 1436 1987 Gennan-

339 2012 398 2072 tini
416 2013 559 2091 Pogunati
579 2014 794 2073 Saracenorum
808 2013 1038 2073 innumerabiles
1053 2012 1157 2094 copiae
1173 2012 1435 2093 Constantinopo·

337 2094 394 2157 lim
415 2107 482 2158 tote
503 2096 657 2178 septennio
688 2098 959 2170 circumsedissent,
989 2097 1119 2159 evidenti
1139 2118 1196 2179 ope
1215 2097 1396 2177 imploratae
1414 2118 1434 2156 a

340 2182 681 2264 constantinopolitanis
705 2184 738 2243 in
765 2184 911 2243 auxilium
940 2183 1079 2265 deiparae
1105 2184 1237 2263 primum
1264 2182 1432 2243 hiemantes

339 2267 442 2345 Cyzici
461 2268 573 2329 multos
591 2288 716 2328 auorum
739 2269 877 2345 amisere,
897 2288 970 2328 mox
987 2278 1070 2329 metu
1083 2268 1116 2326 in
1134 2269 1235 2346 fugam
1253 2269 1350 2327 classa
1365 2277 1433 2327 acta

234 2358 257 2412 P
272 2357 324 2413 366
341 2352 379 2411 ud
391 2352 529 2430 Sylaeum
542 2352 698 2429 ingruente
710 2354 881 2413 saevissima
891 2362 1068 2435 tempestate
1080 2352 1224 2413 submersi
1236 2354 1340 2413 cuncti
1351 2362 1432 2413 suut.

337 2446 488 2518 postremo
503 2437 556 2497 sub
571 2438 669 2497 Leone
679 2436 781 2498 lasuro
793 2437 897 2499 iisdem
912 2439 1051 2499 Saraceni
1064 2438 1198 2498 victoriis
1207 2439 1329 2515 tumidi,
1349 2437 1432 2518 qued

339 2524 495 2582 Persarum
506 2541 631 2599 regnum
646 2523 835 2598 evutisacnt,
856 2525 1040 2604 Aegyptum,
1061 2525 1209 2599 ahicam,
1229 2524 1431 2604 Aethiopiam,

339 2606 437 2688 ipsam
447 2608 536 2667 etiam
549 2605 725 2689 Hispaniam
738 2606 959 2670 incursionibus
970 2618 1145 2689 vastassent,
1157 2629 1225 2670 cum
1236 2611 1321 2670 anille
1331 2610 1430 2669 cefis-

339 2693 437 2771 gentis
462 2692 588 2754 navibua
609 2695 898 2777 Constantinopolim
920 2705 1144 2776 oppugnantes,
1169 2695 1228 2754 iarn
1253 2697 1374 2775 iamque
1394 2704 1430 2754 ut

339 2777 498 2856 sperabant
512 2780 638 2858 capturi,
659 2779 797 2861 deiparae
810 2800 895 2839 suam
908 2783 1010 2842 urbem
1021 2783 1133 2842 tuentis
1144 2800 1202 2861 cpe
1213 2781 1338 2840 contriti
1349 2789 1429 2850 sunt,

339 2863 472 2944 primunr
498 2864 657 2944 plusquam
684 2865 792 2945 viginti
812 2865 945 2926 millibus
973 2865 1110 2947 ipsorum
1131 2887 1148 2926 a
1169 2865 1305 2944 bulgaria
1327 2867 1428 2940 cauis,

341 2947 450 3008 deinde
473 2949 643 3009 foedissimo
669 2951 707 3010 ad
737 2948 926 3010 Sosthenium
948 2952 1103 3031 naufragio
1124 2951 1217 3011 classe
1242 2950 1372 3010 maxima
1391 2969 1428 3010 cx

339 3043 425 3112 parte
439 3033 549 3109 deleta3
571 3034 699 3114 denique
710 3055 798 3096 saeva
809 3035 887 3096 fame
899 3035 1034 3118 ipsorum
1044 3037 1179 3116 reliqniis
1190 3056 1283 3116 usque
1295 3037 1336 3095 ad
1346 3055 1428 3096 esum

339 3115 538 3180 humanorum
560 3119 753 3197 cadaverum,
782 3121 867 3200 quin·
880 3131 910 3181 st
931 3131 1112 3198 stercorum,
1139 3121 1267 3198 adactis,
1289 3121 1363 3182 dum
1380 3128 1429 3180 tot

338 3204 417 3261 mala
439 3205 529 3285 pauci
549 3205 721 3284 superstites
744 3205 891 3284 fugientes
916 3226 985 3268 cum
1010 3208 1136 3268 residuis
1155 3208 1283 3286 navigiis
1301 3227 1358 3286 per
1368 3206 1427 3264 Aa·

339 3305 444 3364 gaeum
461 3298 607 3362 currunt,
628 3289 758 3351 immissa
779 3290 925 3351 divinitus
947 3293 1091 3370 grandine
1111 3292 1244 3368 udenti,
1265 3294 1353 3351 cuius
1365 3291 1427 3351 ier-

339 3391 398 3430 vor
417 3372 514 3450 picem
535 3392 592 3450 que
614 3375 732 3435 tabulae
752 3377 877 3436 navium
897 3377 1338 3458 agglutinabanturliquesecit,
1359 3395 1427 3435 cum

338 3475 393 3516 sua
414 3455 456 3514 ibi
478 3478 579 3517 omnes
600 3459 693 3520 classe
708 3461 881 3542 perierunt,
901 3463 999 3523 tribus
1011 3473 1127 3523 tantum
1139 3462 1266 3523 navibus
1279 3462 1317 3522 ad
1333 3460 1426 3522 cladis

337 3541 484 3602 indicium
498 3543 620 3602 domum
637 3547 775 3606 reversis.
817 3545 870 3610 διὰ
885 3552 978 3610 ταῦτα
998 3547 1139 3628 (subiicit
1152 3548 1234 3608 idem
1247 3546 1369 3625 aanor)
1388 3541 1424 3608 sd

337 3625 482 3708 ὖπερφυῆ
503 3625 660 3709 θαυμάσια
677 3635 731 3710 τῆς
752 3627 910 3715 rruvciysou
924 3632 976 3696 nel
988 3627 1176 3716 θεομήτορος
1191 3630 1249 3712 τὴν
1267 3635 1425 3713 παροῦσαν

337 3708 445 3794 ἑορτὴν
468 3707 650 3796 ἑορτάζομεν.
694 3709 905 3792 dedecorandi
919 3719 1049 3826 algerus,
1070 3717 1147 3783 disits
1157 3712 1349 3801 ὀρθοστάδην
1359 3710 1426 3778 co'ra

336 3802 399 3872 πᾶς
413 3795 511 3873 itale
523 3795 598 3862 sesai
613 3797 671 3881 τήν
684 3794 780 3864 νύκτα
797 3802 915 3883 ἐκείνην
929 3827 983 3867 τον
994 3800 1095 3884 ὕμνον
1111 3808 1153 3890 τῇ
1167 3807 1223 3866 cosi
1233 3797 1324 3884 λόγον
1336 3799 1424 3884 μητρὶ

338 3881 489 3962 insinuet,
509 3882 560 3945 aui
583 3879 630 3946 ὅτι
652 3884 686 3948 la
705 3891 780 3949 udos
801 3894 865 3962 τοῖς
886 3885 987 3963 ἄλλοις
1006 3890 1100 3964 οἴκοις
1116 3892 1278 3970 καθῆσθαι
1290 3887 1320 3962 ἐξ
1333 3887 1424 3958 lim

329 3965 465 4045 'ignaram
482 3968 514 4032 ἐν
526 3974 589 4042 τοῖς
603 3973 733 4049 παροῦσι
745 3975 799 4051 τῆς
809 3969 995 4056 &sopitoque
1008 3969 1101 4057 ὀρθοὶ
1111 3969 1223 4046 πάντες
1232 3966 1423 4053 ἆνροῶμεθα.

337 4048 469 4112 licceat:
486 4065 612 4134 propter
630 4055 706 4112 lause
725 4059 830 4116 omniu
848 4069 914 4116 tum
931 4058 1121 4118 mutuanda
1138 4081 1159 4117 a
1180 4060 1356 4118 cautissima
1377 4054 1424 4113 des'

335 4139 482 4214 gmitrs'ce
510 4159 601 4219 opera
622 4151 754 4220 patratu
776 4155 963 4220 praeacutem
989 4143 1068 4203 ιίἰνηι
1087 4147 1207 4224 fictum
1233 4142 1423 4201 celebramus.

337 4219 518 4281 Acutlu'stoa
532 4245 616 4304 vero,
643 4229 736 4305 quari
751 4247 857 4286 carens
869 4232 1012 4304 aecaioue,
1033 4229 1136 4288 dictm
1151 4241 1209 4306 est,
1231 4225 1318 4308 quod
1324 4245 1423 4306 popu-

337 4304 390 4364 lua
405 4315 568 4368 sosauocse
583 4309 694 4370 atursdo
706 4311 852 4392 hymnum
864 4313 1009 4396 desperas
1022 4317 1177 4394 concinat,
1197 4311 1342 4395 quodque
1355 4329 1424 4370 curs
