3125 4900
499 260 954 337 nn.1.·otossm1mt=
1004 236 1010 247 ’
1192 264 1268 351 ⁵91

35 458 36 491 2
168 440 256 495 meta
272 439 304 493 et
323 430 390 493 into
414 448 542 513 corpur,
561 450 626 493 non
646 438 747 493 eutem
762 450 802 493 ex
817 448 908 494 carne
921 440 1093 496 concretum
1106 399 1279 502 tatamen

167 517 292 580 invenio
306 518 461 577 allmionie
474 538 536 577 non
549 518 919 597 nequequeque·ebeimilie
930 520 1101 602 exemplum
1114 524 1195 603 epnd
1209 524 1269 585 Eae·

34 659 38 665 .
168 598 313 665 etetirinm
334 599 398 687 (ed
411 600 496 665 Ilied.
513 626 524 666 ι
541 622 574 684 p.
586 604 650 669 7⁷2
670 604 718 663 ed.
732 601 840 685 Rom.)
866 604 1067 685 explicantem
1085 607 1200 669 dictum
1220 610 1271 669 ie-

34 720 38 752 ι
166 698 268 749 cetum
290 688 323 749 in
346 707 511 769 cauponem
532 688 584 769 qni
606 689 730 748 vaenale
745 690 850 749 vinnm
869 688 992 751 turbere
1007 692 1137 753 faecium
1149 692 1269 755 admix-

34 805 38 839 ς
165 774 252 834 tione
272 772 380 834 eolitne
398 774 515 835 endivit
536 794 553 832 a
575 773 722 853 quodem:
743 769 787 855 μή
809 773 890 837 noire
908 771 960 839 τὸν
976 774 1069 839 oleta
1085 778 1208 857 Πηλέα,
1230 800 1268 839 ιιι

35 892 36 925 ;
157 860 273 941 sociae
294 860 428 920 Oeneum
449 860 582 921 Petrum.
624 860 707 939 qnod
726 867 762 919 nt
783 852 968 942 edtpnniiec
985 862 1069 920 eolee
1087 862 1202 923 dictum
1221 864 1268 925 ibi

36 1008 39 1013 .
166 954 273 1005 ructor
291 944 413 1023 londat,
435 945 480 1005 aic
500 962 657 1005 enerroner
679 939 724 1025 pp*
736 946 861 1027 τρυγίαν
878 950 997 1017 evene,
1018 945 1071 1009 eoi
1084 951 1127 1032 epi
1136 954 1266 1034 κρητῆρι

165 1024 371 1113 παραμιγνός,
393 1026 555 1111 percipient
569 1025 620 1092 ede
632 1024 719 1093 eim
731 1028 773 1103 ee
786 1025 954 1110 ιίςπηλόι,
976 1022 1003 1117 pi
1021 1033 1108 1095 denti
1119 1056 1265 1116 παροιο·

35 1155 36 1184 ι
165 1111 285 1198 μασθαι
298 1110 513 1199 παιγιημόνιις
533 1112 552 1179 d
564 1110 695 1194 Πηλιιῖς.
737 1114 889 1195 nefacere
902 1114 1186 1177 dilreerraetcroteri
1201 1119 1264 1179 ‹rd-

157 1204 294 1260 ¹mieoene
309 1212 398 1259 muta
412 1204 520 1260 vinum
532 1200 614 1261 velut
624 1202 656 1258 ιἰι
668 1201 789 1259 intumo
811 1200 934 1261 hedicre
947 1204 1026 1262 mim
1037 1208 1263 1282 paronomasia

163 1284 287 1347 eidem
303 1286 393 1346 verde
411 1284 518 1347 Pelene
535 1285 639 1345 lutum
656 1281 819 1349 indiceeee.
862 1285 938 1349 haee
957 1286 1011 1367 qni
1033 1308 1096 1347 non
1115 1290 1261 1370 probarit,

164 1371 327 1432 condoleat
347 1371 511 1433 infeliciter
531 1368 724 1451 conentibnr,
744 1378 776 1431 et
795 1372 938 1451 meliore,
958 1371 1103 1452 eihabet,
1124 1384 1262 1455 ruggeret

34 1499 40 1535 ζ
161 1466 246 1537 grate
260 1457 436 1539 recepturie.

247 1547 436 1606 πλατεῖαι
457 1535 702 1624 ἒιιπαμᾶτωι
720 1564 754 1625 p·
775 1542 840 1611 458
862 1563 892 1604 v.
916 1547 968 1609 12
1012 1545 1189 1623 quaerebam
1208 1543 1261 1605 hio

34 1673 37 1710 ζ
162 1626 238 1709 qnid
260 1636 360 1689 eaaent
382 1622 566 1707 introeutem
583 1632 735 1706 πλατεῖαι,
757 1650 830 1709 qnee
853 1649 892 1689 ex
907 1648 974 1689 aere
988 1630 1080 1689 suieee
1093 1650 1164 1690 mox
1178 1630 1262 1711 indi-

164 1723 214 1773 cat
226 1724 329 1773 noster
340 1712 376 1773 de
386 1714 492 1773 iiedem
505 1715 614 1775 iterum
629 1734 717 1793 agene
729 1714 777 1775 hie
789 1714 906 1775 vertis:
928 1718 1040 1795 χαλιᾶς
1053 1713 1173 1792 {mirer
1184 1720 1263 1778 πλα-

34 1849 39 1884 4
160 1800 242 1873 reice
260 1795 422 1879 ὑποδοχάς.
466 1798 550 1859 eolue
573 1799 731 1861 venemur
753 1804 863 1881 χαλκαῖς
886 1803 1017 1873 retenens·
1036 1800 1186 1881 eppellet,
1207 1800 1262 1862 ted

34 1949 39 1970 ἐ
160 1882 234 1944 huic
258 1884 332 1944 fider
351 1883 432 1966 apud
453 1904 502 1944 me
524 1883 645 1964 quidem
671 1884 786 1945 dodum
805 1894 904 1946 eetex
919 1904 981 1964 quo
1001 1885 1136 1945 decoxit.
1179 1894 1261 1945 oerte

160 1970 254 2045 πλιαξ
275 1969 364 2029 αἱιιιίι
385 1971 520 2049 generale
543 1970 725 2031 vocabulum
741 1980 801 2046 eet;
821 1988 919 2049 neque
932 1971 965 2030 in
981 1969 1093 2029 tabulis
1105 1980 1159 2030 aot
1170 1970 1262 2030 lami-

158 2054 209 2114 nie
233 2055 325 2115 aereie
345 2054 502 2114 commode
521 2054 554 2113 id
568 2054 767 2135 frumentum
785 2066 917 2131 coctum,
946 2055 1009 2116 eive
1027 2057 1087 2115 iem
1109 2056 1261 2133 molitum,

159 2137 241 2201 mole
262 2140 403 2200 videlicet
422 2140 510 2200 sarria
527 2140 673 2218 toeti,‘nt
693 2140 808 2219 antiqui
832 2140 1050 2220 loquebantur,
1077 2142 1142 2201 eive
1158 2141 1261 2219 grenie
1293 2159 1297 2169 ·

157 2224 283 2305 integrie
313 2225 443 2285 netureli
472 2225 585 2300 forma,
617 2226 773 2287 commode
795 2226 906 2305 geeteri
925 2226 1039 2307 potnit.
1081 2246 1120 2287 ne
1141 2225 1260 2289 multiee
1379 2253 1382 2260 ·

158 2308 234 2372 mihi
251 2320 364 2372 attente
380 2309 582 2371 concideranti
601 2309 683 2370 hunc
699 2312 801 2372 iocum
819 2310 958 2371 veniebat
970 2313 1002 2371 in
1015 2321 1144 2371 mentem
1159 2310 1258 2375 lew

158 2392 463 2479 pernoctantem
479 2392 788 2478 πλατιλιιςῦπιδοχᾶς
808 2398 870 2458 dici
888 2396 940 2458 hic
957 2418 974 2457 a
988 2395 1169 2479 Pachymere
1183 2416 1258 2458 veae

34 2522 38 2559 ᾖ
156 2481 304 2543 meneeria
324 2502 400 2563 qure
419 2491 590 2562 eottocoppe
604 2482 687 2542 Itriie
700 2481 792 2544 hodie
804 2484 965 2561 dicuntnr3
982 2503 1111 2563 quornm
1123 2491 1168 2544 eet
1182 2503 1256 2544 neue

35 2569 37 2641 j
156 2565 191 2626 in
210 2567 331 2648 eryphie
348 2567 545 2650 porrigendie.
587 2566 698 2628 hebent
715 2589 749 2628 ee
769 2589 898 2650 superne
910 2569 1100 2630 latitudinem
1113 2589 1255 2649 capacem

35 2653 36 2660 ’
156 2651 340 2733 scyphorum
351 2652 441 2713 aimul
454 2653 618 2714 multorum
639 2654 738 2734 (unde
752 2659 890 2716 πλατεῖαι
901 2647 1086 2733 λιπὸμᾶτωι
1100 2663 1184 2714 recte
1197 2673 1255 2714 eo·

35 2741 37 2750 ’
156 2740 295 2817 centur),
316 2739 400 2799 labro
419 2757 475 2820 per
496 2738 655 2799 circuitum
674 2737 713 2798 ed
730 2737 861 2816 eliqnem
874 2738 1063 2799 latitudinem
1078 2738 1253 2819 reecpineto

155 2831 346 2901 coronatam,
366 2824 543 2884 innitentem
561 2822 632 2902 pedi
648 2822 805 2903 enppoeito
820 2823 970 2898 rotundo,
991 2823 1046 2902 qui
1058 2832 1089 2882 et
1101 2821 1253 2883 mennbrii

35 2977 36 2982 η
152 2927 244 2969 neum
259 2917 391 2990 praeetet
405 2909 588 2969 ministranti
599 2909 769 2989 pincernae.
811 2908 876 2967 eine
891 2909 1004 2966 formae
1017 2907 1135 2982 lencee,
1155 2899 1253 2968 antei

35 3003 36 3008 ’
154 2993 254 3056 dicere
270 2993 376 3068 liceat,
398 2993 573 3074 capedinee,
593 3004 749 3073 argenteae
768 2994 830 3054 fere
848 2993 940 3054 hodie
950 2992 1093 3053 vienmm
1102 2992 1134 3052 in
1145 3013 1252 3074 prooe-
1267 2996 1292 3056 Ρ
1307 2995 1360 3052 too

152 3097 224 3142 rom
245 3079 405 3140 conviviis:
426 3079 577 3140 tenuioree
598 3079 742 3139 fictilibne
763 3089 902 3140 utuntur.
943 3087 1040 3138 aetate
1060 3077 1254 3159 Pechymerie

152 3166 288 3226 nondum
311 3167 454 3226 Peruenit
476 3165 571 3225 ditata
585 3165 713 3226 metellie
727 3184 830 3226 ocreae
843 3163 1068 3224 increbuerunt:
1089 3164 1142 3224 eed
1156 3175 1253 3226 mrte-

35 3255 36 3266 ’
151 3249 216 3312 riee
240 3250 343 3311 viliter
363 3260 506 3310 encausto
523 3249 659 3331 picturae
673 3254 774 3311 verine
787 3252 905 3311 fructne
922 3249 1109 3310 entnmnelee
1124 3251 1254 3312 eeeimn·

151 3335 244 3396 lentia
267 3337 437 3414 tegebatur,
463 3345 499 3396 nt
518 3335 606 3396 docet
624 3334 684 3396 hoo
704 3336 774 3397 loco
794 3345 905 3396 noeter.
946 3335 1049 3414 negari
1066 3355 1130 3396 non
1151 3346 1254 3418 potent

153 3421 228 3500 quin
248 3421 457 3502 percommode
478 3422 570 3481 suerit
583 3421 754 3482 ietiuamodi
766 3421 847 3483 varie
864 3422 960 3481 forme
971 3421 1009 3481 ed
1023 3421 1097 3482 ieter
1113 3422 1254 3503 eulogiae

142 3507 302 3588 flumenta·
313 3509 390 3566 cocti
402 3516 467 3566 tum
481 3507 589 3567 decore
602 3507 804 3567 admovendae
818 3506 888 3585 erio,
910 3515 977 3566 tum
987 3505 1059 3567 inde
1072 3516 1144 3588 poet
1152 3527 1252 3568 eecer·

152 3591 233 3651 dotia
251 3591 489 3652 benedictionem
513 3593 714 3672 deportandae
733 3591 766 3652 in
784 3591 889 3653 domoe
908 3601 995 3670 tuto,
1015 3591 1189 3669 latitudine,
1211 3611 1252 3653 ex

106 3719 107 3722 ,
153 3695 212 3756 qne
230 3681 367 3740 πλατεῖαι
383 3677 545 3754 dicuntur,
565 3679 719 3759 paniieper
734 3698 881 3752 concere,
904 3687 934 3737 et
946 3680 1066 3758 capacis
1079 3675 1252 3737 rotundita-

151 3759 214 3836 λίπ’
230 3761 318 3822 facile
335 3762 511 3824 admittente
529 3762 682 3824 materiem
700 3764 810 3840 talem,
830 3772 861 3822 et
872 3785 890 3822 e
905 3763 993 3842 lepen
1006 3762 1185 3844 prohibente
1198 3761 1250 3821 be·

151 3846 260 3907 neficio
277 3849 351 3908 editi
365 3847 480 3909 circum
496 3849 654 3927 merginie,
674 3848 759 3910 illiue
781 3868 890 3928 nempe
904 3847 941 3908 de
954 3868 1012 3928 qne
1025 3848 1107 3924 dixi,
1129 3847 1249 3909 modice

149 3933 294 3994 reductae
313 3943 343 3995 et
366 3935 426 3995 rite
441 3955 495 4015 per
512 3934 672 3994 circuitum
684 3933 816 3996 extentio
826 3933 980 3997 loriculae,
1021 3953 1111 3994 vocer
1125 3952 1248 4012 qnoque

148 4027 216 4078 tum
238 4014 421 4100 ὒιιπαμᾶτπν
436 4029 502 4080 tum
521 4015 658 4100 ὑποδοχή
678 4019 830 4100 aptiaeime
849 4019 882 4080 in
905 4027 1040 4078 noctram
1066 4019 1245 4080 cententiam

147 4103 300 4164 accidunt.
341 4104 479 4166 indicent
499 4103 578 4164 enim
603 4125 691 4166 neum
715 4105 804 4166 ietioe
821 4106 901 4164 raeie
919 4123 956 4164 eo
972 4104 1046 4164 facti
1065 4114 1103 4165 ut
1123 4106 1245 4186 pocula,

147 4182 325 4270 ἐκπώματα,
346 4187 490 4272 imponite
507 4188 674 4271 exciperet,
693 4190 736 4252 ric
758 4190 910 4252 offerenda
929 4189 1067 4251 convivie
1082 4210 1175 4252 menn
1187 4211 1245 4272 po-

146 4274 302 4338 cillatorie.
342 4295 437 4360 porro
455 4279 592 4344 πλατεῖαι
612 4275 756 4342 ridentur
774 4275 964 4342 auteontive
983 4274 1055 4340 dici.
1096 4277 1157 4338 niei
1175 4275 1245 4359 qnia
