3125 4900
333 292 409 371 540
630 293 865 367 ousuuvtr.
888 294 1125 365 utcuumu

329 461 537 525 risimillimam
558 460 683 536 reddat,
704 460 756 541 qui
776 460 936 544 panifices,
955 460 1102 543 pistores,
1121 466 1332 539 opsonatores,
1353 477 1447 519 ceu-

328 568 439 629 pones,
462 566 591 626 coquos,
611 547 772 629 propolas,
793 547 968 628 pincernas,
990 554 1154 607 manorum
1173 544 1316 605 [sumenti
1338 564 1445 603 meu·

328 634 403 693 strui
424 632 623 704 dimensores,
646 642 676 693 et
698 640 832 693 caeteros
845 632 878 696 id
887 636 983 712 'genua
997 632 1035 691 ad
1046 630 1270 691 inserviendum
1285 628 1445 687 militan-

326 717 408 777 tibus
421 726 610 795 auctoratos,
630 715 663 777 in
679 716 771 777 istum
786 736 942 779 numerum
957 715 1150 797 compegerit.
1191 734 1246 795 ego
1264 733 1341 773 vero
1362 734 1443 773 nou

325 822 451 884 porrum
470 801 577 863 talium
595 802 803 863 ministrorum
818 811 932 883 partem
947 801 1039 863 luieae
1056 801 1186 863 arbitror
1202 818 1359 878 aegrorum
1373 808 1442 859 aut

326 889 432 949 inorbo
455 896 510 947 aut
529 886 655 947 vulnere
676 906 837 968 corporum
859 896 1028 961 cumtores,
1050 884 1222 965 chirurgos,
1241 882 1441 965 phermsco-

325 992 435 1054 poeos,
449 972 702 1047 valetudinarium
721 971 855 1052 qualium
868 973 1009 1033 aaseotari
1021 971 1140 1032 solitum
1152 970 1299 1031 exercitus
1309 968 1439 1027 lloms-

326 1078 383 1119 nos
404 1057 672 1117 numerosissimam
690 1058 914 1119 multitudinem
927 1078 965 1119 ex
977 1056 1078 1119 officio
1093 1066 1124 1117 et
1136 1055 1266 1135 publicis
1278 1054 1437 1133 impensis

327 1152 413 1203 extra
433 1162 551 1203 omnem
573 1142 767 1204 dubitationis
786 1144 880 1203 aleam
901 1152 956 1205 est.
999 1152 1088 1221 utque
1104 1140 1178 1202 adeo
1193 1161 1231 1200 ex
1243 1138 1302 1199 bsc
1317 1138 1437 1199 obser-

325 1228 447 1287 vatione
468 1240 542 1307 puto
564 1226 662 1288 lucem
685 1226 802 1289 effundi
814 1227 1092 1307 :iintelligendum
1105 1226 1206 1287 locum
1220 1223 1374 1305 quendem
1394 1224 1437 1283 iu

325 1312 453 1373 Novella
465 1312 624 1373 Iustiniani
638 1332 738 1391 cxvii,
759 1312 812 1374 ubi
828 1312 1032 1396 praescribent
1045 1312 1209 1393 imperetur
1224 1330 1282 1389 qua
1298 1308 1435 1369 certitu-

328 1398 399 1458 dine
418 1396 523 1458 debeat
540 1398 658 1459 mulieri
678 1418 760 1459 mors
778 1398 839 1458 viri
859 1398 924 1461 eius
941 1398 1102 1459 militatum
1121 1395 1251 1478 proiecti
1274 1403 1432 1470 constare,

326 1492 363 1542 ut
374 1484 431 1543 rite
444 1484 540 1562 possit
554 1483 593 1543 ad
609 1483 716 1545 alteras
732 1484 854 1563 nuptias
873 1484 1020 1561 transire,
1040 1481 1193 1557 decernit,
1214 1476 1370 1559 siquidem
1390 1481 1432 1539 iss

326 1568 549 1627 sellulariorum
566 1568 664 1629 classe
678 1571 728 1629 uir
739 1570 793 1630 ille
806 1572 964 1645 meruerit,
986 1589 1008 1627 a
1016 1570 1131 1649 primis
1144 1565 1266 1627 solsolue
1278 1566 1312 1623 in
1326 1584 1431 1645 quasis

327 1656 462 1733 scriptus
469 1655 600 1731 suerat,
619 1664 648 1714 et
670 1656 794 1735 insuper
814 1654 853 1713 ab
870 1653 1022 1729 actuario,
1043 1652 1104 1713 hoc
1121 1661 1183 1729 est,
1202 1660 1239 1711 ut
1256 1650 1385 1731 opinor,
1408 1669 1429 1708 a

328 1737 467 1817 chirurgo
482 1738 531 1799 vel
546 1737 763 1801 valetudinario
777 1740 931 1816 ministro,
952 1735 1009 1821 qui
1018 1737 1160 1799 videlicet
1172 1736 1200 1797 ei
1212 1735 1355 1796 morienti
1370 1734 1427 1795 ad-

324 1823 448 1900 stiterit,
470 1827 675 1883 testimonium
690 1823 890 1885 iureiurando
1014 1845 1067 1883 um
1080 1820 1169 1883 reddi
1185 1820 1302 1881 deeius
1318 1832 1426 1879 mone.

324 1910 416 1969 verba
429 1909 503 1988 legis
520 1908 596 1969 hoec
612 1919 698 1971 suut:
720 1911 749 1973 el
765 1908 799 1974 di
816 1915 971 1993 ozoiopsoe
984 1910 1030 1990 slq
1043 1909 1159 1983 lneiroc
1177 1898 1217 1971 osi
1233 1905 1304 1983 rieul
1321 1910 1427 1967 τελευ-

325 1999 381 2073 τῆς
409 1990 433 2074 el
458 1990 684 2075 ἀμφισβήτησίς
716 1996 794 2072 lori,
821 1991 904 2077 παρὰ
930 2001 992 2059 cois
1018 1989 1146 2077 κρότον
1165 1996 1221 2073 τῆς
1240 1986 1348 2072 egidre
1370 1987 1427 2053 ul

324 2072 508 2161 drsouuplou
530 2090 587 2140 etc.
631 2078 722 2141 hosce
747 2080 908 2159 generatim
927 2079 1079 2141 somarios
1102 2076 1277 2139 militarium
1299 2075 1425 2136 nomine

324 2164 523 2238 designatoea
539 2164 686 2225 Trebellio
699 2164 835 2227 Pollione
849 2165 1024 2227 crediderim
1040 2164 1186 2245 equidem,
1209 2163 1282 2223 dum
1295 2160 1423 2221 inlibro

324 2250 362 2309 de
384 2249 517 2327 Triginta
541 2250 691 2329 Tyrannio
713 2251 750 2310 de
773 2250 945 2329 Victon‘no,
978 2251 1063 2311 cuius
1088 2269 1179 2331 supra
1201 2247 1343 2325 memini,
1375 2246 1422 2307 sic

323 2334 441 2393 scribit:
463 2334 549 2393 solus
567 2335 741 2395 Victorinus
754 2338 788 2395 in
802 2338 927 2415 imperio
941 2336 1103 2409 remansit,
1128 2336 1182 2414 qui
1194 2334 1314 2411 etipse,
1336 2327 1424 2411 quad

324 2421 529 2478 matrimoniis
550 2420 685 2480 militurn
700 2430 727 2478 et
741 2422 926 2482 militarium
947 2419 1175 2502 corrumpendis
1187 2439 1309 2500 operam
1323 2418 1419 2496 daret,

324 2501 500 2582 aquodam
519 2508 680 2584 actuario,
703 2507 794 2565 cuius
813 2527 934 2566 ueterem
950 2516 1164 2587 stupraverat,
1184 2506 1353 2584 composita
1354 2505 1419 2581 sa·

324 2591 421 2647 ctione
436 2587 630 2670 Agrippinae
640 2611 803 2671 protessus
817 2600 874 2653 etc.
914 2592 949 2652 iu
968 2591 1015 2653 bis
1028 2590 1170 2654 Trebellii
1191 2590 1291 2650 verbis
1303 2590 1419 2648 sltenu·

323 2683 402 2734 tram
423 2673 548 2736 istarum
566 2695 670 2736 vocem
691 2677 826 2736 militum
839 2687 866 2736 et
879 2679 1065 2738 militarium
1084 2673 1266 2758 superfluam
1279 2694 1347 2736 esse
1358 2693 1419 2754 pu·

205 2787 209 2798 ·
323 2759 401 2818 tavit
416 2759 625 2839 casaubonus,
646 2761 714 2822 iure
729 2764 762 2822 iu
775 2761 862 2823 boca
876 2763 1019 2824 salmasio
1036 2761 1244 2842 reprehensus.
1285 2760 1340 2839 qui
1354 2759 1417 2839 iptt

324 2845 487 2905 Salmasius
508 2844 579 2908 dum
600 2847 720 2908 subiicit
731 2849 882 2908 militares
899 2847 958 2909 dici
975 2847 1091 2927 eosqui
1101 2845 1272 2916 missionem
1282 2867 1300 2904 s
1310 2843 1417 2906 militie

324 2939 516 3011 acceperunt,
537 2941 572 2993 ut
592 2934 762 2994 consuleres
781 2933 926 2994 dicuntur
945 2933 998 3013 qui
1019 2931 1158 2994 consules
1178 2931 1316 3008 lucrant,
1342 2927 1416 2989 mibi

324 3015 444 3094 quidem
460 3036 521 3076 non
537 3019 695 3099 pereuadet
714 3039 779 3079 rem
795 3018 840 3078 ite
853 3038 970 3101 semper
986 3017 1145 3094 babuisse,
1166 3017 1221 3078 etei
1235 3035 1299 3076 nou
1312 3034 1415 3094 nega

322 3101 486 3179 aliquanda
504 3101 536 3162 id
559 3121 615 3162 usu
634 3102 763 3164 venisse.
804 3124 867 3165 non
888 3104 994 3181 credo,
1026 3103 1166 3183 inquam,
1194 3101 1312 3182 quoties
1336 3097 1414 3181 apud

323 3185 486 3264 quemlibet
500 3187 677 3268 scriptorem
688 3189 837 3250 militaris
849 3188 956 3269 aliquia
970 3179 1097 3266 dicitur,
1118 3187 1208 3249 toties
1218 3185 1348 3264 intelligi
1361 3183 1413 3245 mi-

320 3269 404 3328 litem
420 3271 583 3332 emeritum.
624 3294 693 3334 nam
705 3294 793 3356 saepe
804 3273 945 3335 militaria
960 3295 994 3336 ea
1008 3282 1157 3335 vocentur
1168 3291 1244 3352 quse
1254 3271 1294 3332 ed
1308 3271 1412 3332 milites
1444 3259 1450 3272 ¹

322 3353 491 3434 pertinent,
513 3365 549 3415 ut
569 3377 649 3418 ermu
664 3368 694 3418 et
707 3359 885 3419 vestimenta
896 3359 1025 3440 etoqui3
1045 3369 1076 3419 et
1096 3358 1255 3434 calonum,
1273 3354 1410 3432 lixasum,

322 3438 514 3518 institorum,
536 3439 588 3518 qui
607 3454 703 3504 castra
722 3446 914 3524 frequentant
927 3455 963 3505 ut
976 3443 1123 3504 militibus
1137 3441 1317 3519 inserviant,
1337 3441 1410 3501 mili·

320 3523 395 3585 teris
408 3523 495 3584 turba
506 3524 629 3590 dicitur.
674 3528 779 3608 quidni
792 3549 862 3608 ergo
876 3531 928 3611 qui
939 3529 1085 3592 militibus
1095 3547 1286 3610 quocumque
1295 3525 1410 3588 nomine

320 3609 509 3688 minietrant,
531 3612 633 3689 quales
654 3623 740 3674 eraut
759 3615 900 3691 actuarii,
920 3623 955 3676 ut
977 3615 1177 3690 ostendimus,
1197 3613 1340 3674 militum
1353 3608 1411 3672 dici

321 3693 497 3776 potuerint'l
540 3715 612 3758 sane
633 3698 676 3758 ita
696 3719 804 3782 uocem
823 3700 909 3761 illem
920 3709 1094 3781 usurpatam
1111 3722 1131 3760 a
1143 3699 1292 3775 Pollione,
1314 3705 1410 3758 alteu-

320 3779 383 3840 tius
396 3779 562 3841 rubenius
576 3784 774 3864 perpendenti
790 3794 880 3866 patet.
923 3784 994 3866 quia
1009 3786 1089 3848 euim
1105 3785 1245 3846 dicturus
1254 3792 1318 3844 erat
1332 3781 1409 3843 nocie

322 3885 441 3924 causam
460 3865 613 3928 Victorino
629 3868 720 3930 fuisse
734 3860 861 3930 uxorem
879 3870 1005 3932 aunarii
1020 3879 1206 3953 stupratum,
1225 3867 1411 3949 praemittere

320 3947 408 4008 illum
424 3953 561 4031 oportuit
573 3973 636 4012 non
649 3954 777 4015 militum
792 3956 891 4015 solum
908 3955 963 4016 sed
981 3957 1166 4018 utilitatium
1187 3954 1293 4031 ctiam,
1314 3951 1408 4014 bouri-

322 4051 395 4091 num
411 4036 518 4114 quovis
531 4037 632 4100 officio
645 4039 784 4100 militiam
797 4041 1004 4120 sequentium,
1024 4061 1064 4102 er
1078 4061 1140 4122 quo
1154 4058 1261 4119 genere
1277 4039 1408 4098 actuarii

319 4127 421 4193 erunt,
450 4123 648 4184 matrimoniis
673 4125 898 4206 corrumpendis
920 4145 990 4186 eum
1013 4147 1134 4207 operam
1153 4125 1282 4186 dedisse.
1324 4139 1409 4202 quara

317 4201 507 4300 utilitatium
520 4226 582 4269 vox
596 4211 635 4270 ud
649 4211 740 4290 paulo
754 4221 827 4290 post
838 4211 993 4358 indnqtam
1008 4214 1221 4274 eduarimum
1233 4208 1409 4270 mentionem

317 4285 452 4366 digitum
470 4293 611 4356 intendit.
649 4293 706 4358 bae
726 4293 803 4358 mibi
822 4296 906 4358 luere
941 4295 1099 4378 urpicsndi
1111 4315 1234 4374 caune,
1253 4293 1409 4358 Gabadlau
