3125 4900
518 343 598 420 clu.
624 345 653 417 l.
691 351 967 420 utossnmun.
1215 353 1291 427 549

202 511 231 518 ”
277 507 582 594 eaircnn‘o'eeanon
609 507 923 598 ἆντιφᾶρμακον
950 531 980 598 p.
1000 522 1064 582 212
1086 499 1114 578 i'.
1137 522 1165 581 8.
1211 541 1285 598 pro-

192 597 328 659 verbium
345 599 482 657 indicana
507 598 671 659 efficaciam
699 603 883 681 praesentiae
908 602 940 662 in
961 603 1128 662 tractandis
1149 607 1283 682 negotiis,

190 683 368 762 praeaertina
391 683 688 760 reconciliationum,
715 705 792 764 quae
805 686 893 765 longe
910 687 999 747 cilina
1020 697 1051 747 et
1065 687 1184 747 sacilina
1200 709 1216 746 a
1232 709 1285 749 co-

189 789 253 826 ram
266 767 376 828 effante
388 779 419 827 et
433 789 467 828 oa
486 789 521 828 ac
542 770 658 829 vultum
672 780 777 829 notum
793 771 953 833 exhibente
973 773 1179 848 transiguntur
1197 791 1283 852 quent

190 852 228 910 ab
242 853 364 912 abaente
377 853 543 932 perliteraa
557 865 610 915 aut
622 855 839 916 internuncioa.
880 857 941 916 boc
963 857 1097 936 adagium
1111 859 1143 918 in
1157 859 1284 940 vulgatia

189 936 417 998 collectionibus
430 938 564 1001 nondum
577 941 685 1020 repen.

274 1022 475 1105 dornoniae
496 1043 526 1104 p.
547 1028 611 1092 298
627 1045 657 1086 v.
678 1029 729 1090 11.
769 1023 896 1085 verbum
910 1023 971 1083 boc
984 1021 1020 1082 ab
1031 1023 1091 1084 alio
1105 1035 1282 1106 usurpatum

188 1107 293 1168 videre
313 1129 375 1168 non
396 1109 527 1169 memini.
567 1119 669 1170 tamen
696 1129 735 1169 ex
762 1110 882 1186 vulgata
909 1109 1032 1168 notione
1064 1110 1282 1172 vocabulorum

189 1190 342 1274 eittlnoooc
355 1202 386 1255 et
395 1191 545 1275 incaepto
558 1195 675 1296 Plntpni
691 1193 853 1256 Plutarcho
865 1204 894 1254 et
910 1195 1042 1254 Lucieno
1053 1195 1213 1272 tritorum,
1233 1199 1283 1256 fa-

190 1277 248 1336 cile
264 1278 402 1357 intelligo
419 1289 503 1339 recta
522 1281 656 1360 analogia
679 1282 839 1340 formatum
860 1279 985 1340 verbena
1000 1276 1177 1360 ἆψικορεῖν,
1200 1283 1283 1360 quod

188 1373 275 1423 aonet
286 1363 318 1423 in
336 1364 499 1424 aatietatem
513 1367 574 1426 cito
587 1367 692 1426 venire
702 1366 747 1425 rei
760 1374 812 1424 ant
826 1383 970 1447 pneonoe
986 1364 1117 1426 alicuine.
1161 1377 1284 1446 pempta

189 1448 228 1506 ad
251 1449 427 1510 coutentium
448 1451 525 1526 loci,
554 1471 615 1532 quo
638 1449 823 1528 significatur
849 1451 909 1511 cito
929 1459 1097 1532 partaeanm
1109 1451 1283 1532 imperatori

189 1533 330 1594 Germani
344 1534 549 1616 patriarchae,
571 1555 660 1616 queen
677 1535 770 1616 paulo
789 1543 858 1594 ante
872 1543 956 1594 tanto
968 1533 1067 1594 atudio
1081 1547 1283 1616 promoveret.
1396 1540 1400 1551 '

195 1660 201 1668 ·
272 1614 459 1700 nuenton
477 1641 508 1700 p.
531 1625 595 1688 270
614 1641 644 1681 v.
663 1623 715 1685 19.
755 1639 803 1680 m
828 1619 941 1682 indicat
956 1623 1107 1697 regionem
1131 1621 1283 1700 quandam

189 1712 244 1763 aut
257 1715 373 1784 partem
387 1705 735 1788 constantinopolitanun
745 1705 828 1766 urbia
843 1714 895 1764 aut
908 1703 1120 1765 anburbiorum
1132 1707 1196 1766 ciue
1212 1707 1283 1766 bor.

186 1785 289 1848 baram
301 1789 428 1865 etnam,
448 1790 527 1849 ferte
547 1791 677 1851 aricino
688 1786 803 1870 templo
822 1789 852 1851 S.
869 1791 1015 1849 Barbarae
1030 1792 1156 1870 menyri
1171 1791 1283 1856 dicato.

186 1891 261 1932 eane
274 1875 532 1951 Conalantinopoli
546 1875 636 1936 luiaee
655 1874 802 1955 ternplum
815 1875 933 1936 celebre
947 1877 976 1934 S.
990 1875 1137 1934 Barbarae
1150 1875 1283 1953 nomine,

52 1960 56 1967 '
186 1956 279 2018 «locet
289 1960 394 2019 Petrae
409 1959 520 2020 Gilliua
531 1960 553 2021 1.
568 1964 590 2023 2
604 1979 631 2022 c.
647 1965 669 2025 2
687 1957 912 2041 Topograpbiae
925 1961 1185 2041 Cenatantinopol.
1200 1962 1282 2040 qno'd

185 2039 312 2102 videtur
328 2043 478 2104 collocare
496 2045 531 2104 iu
553 2046 650 2125 prima
665 2046 795 2124 regione.
839 2045 909 2124 qnia
928 2063 1000 2105 vero
1022 2043 1080 2105 boc
1094 2040 1281 2122 κελλύδριυν,

186 2124 227 2186 ale
244 2126 368 2206 qaobio
380 2129 495 2207 agitur,
518 2129 633 2189 dicitnr
647 2131 742 2190 latinae
764 2129 883 2190 mirifici
901 2129 1033 2207 Nicolai,
1053 2129 1115 2190 hoc
1129 2140 1173 2190 eat
1190 2131 1282 2190 ciali-

187 2220 290 2272 catnm
304 2221 337 2272 et
350 2233 388 2274 ex
401 2233 437 2272 co
449 2224 669 2294 nuncupatum,
686 2215 835 2294 anapinari
846 2215 918 2275 licat
930 2215 1069 2298 proxime
1080 2215 1157 2275 illud
1173 2215 1283 2275 adbee-

186 2296 260 2357 aiaee
276 2299 390 2378 ternplo
402 2298 433 2358 in
451 2297 598 2358 bonorem
612 2298 742 2360 eiuaelem
753 2302 785 2362 8.
796 2299 911 2360 Nicolai
923 2321 939 2360 a
954 2299 1122 2360 luatiniana
1136 2299 1208 2360 olim
1225 2319 1281 2360 ex-

185 2388 303 2457 tructo,
325 2392 361 2442 ut
372 2384 465 2442 refert
481 2384 673 2465 Procopiual.
689 2389 704 2448 1
721 2384 758 2444 ‹le
770 2384 922 2445 Aedificiia
933 2405 964 2446 c.
976 2390 1008 2453 6.

192 2507 197 2516 -
270 2462 573 2548 Beplep'eao'tua
592 2490 625 2551 p.
638 2474 701 2536 321
714 2490 747 2533 r.
765 2474 797 2536 8.
842 2471 1017 2550 corrigenda
1035 2472 1114 2531 forte
1132 2470 1172 2531 ait
1189 2466 1280 2528 lauina

185 2548 271 2609 recia
289 2554 454 2632 ecripture,
482 2564 598 2616 mutato
618 2578 646 2619 aa
668 2554 702 2615 in
718 2580 745 2630 e,
768 2575 808 2615 ex
828 2556 944 2616 (rodino
966 2578 992 2617 c.
1012 2557 1042 2631 6,
1059 2555 1111 2616 ubi
1123 2563 1281 2637 poatqunn

98 2685 102 2695 ,
183 2632 430 2699 Burdan'otaruau
452 2640 595 2699 veatitnm
615 2650 646 2701 et
666 2641 866 2701 miniaterinan
892 2642 1057 2723 explicuit,
1085 2641 1124 2700 dc
1142 2640 1179 2699 iia
1206 2638 1280 2697 baec

182 2720 353 2799 eubiangita
376 2715 505 2797 τούτους
522 2720 617 2787 nullan
640 2726 758 2805 Πέρσας
775 2722 851 2786 κατὰ
866 2726 954 2806 γένος
970 2725 988 2789 ὁ
1003 2720 1144 2805 bunellus·
1156 2724 1281 2803 pacomi-

182 2823 242 2879 σας
258 2804 377 2869 lnaiben
389 2808 434 2879 alc
446 2804 498 2869 tin
510 2803 685 2891 Βαρᾶᾶριον
697 2804 822 2871 ἐκάθισε
834 2804 988 2889 ποταμόν,
1013 2802 1075 2887 ἀφ’
1090 2800 1129 2871 ool
1138 2807 1190 2869 nal
1203 2812 1281 2890 Bap-

181 2892 332 2973 elatpeoim
344 2896 516 2954 καλοῦνται.
558 2895 615 2952 laea
629 2912 738 2971 genere
753 2896 868 2952 Peraea
881 2898 1046 2973 imperator
1059 2890 1130 2950 inde
1142 2894 1280 2949 tennala·

181 2987 235 3035 toa
253 2978 415 3035 concaluit
430 2993 528 3057 ptvpa
547 2976 744 3037 Bardura'aam
763 2998 904 3057 amnem,
933 2998 969 3036 ex
988 2996 1048 3057 quo
1070 2974 1280 3034 Buealariotaa

180 3072 343 3124 nomer.
384 3062 549 3123 bardarum
570 3062 653 3124 lanne
671 3082 787 3123 ananam
810 3064 943 3144 appellnt
960 3062 1047 3123 Anna
1061 3060 1211 3119 Gomnena
1224 3061 1275 3123 1.1

180 3168 218 3229 p.
234 3152 285 3223 18,
295 3146 351 3207 ubi
366 3166 434 3207 cnm
446 3148 589 3209 deacribit
607 3158 638 3209 et
654 3149 687 3209 in
708 3148 861 3209 Tbeaaalia
881 3146 1029 3225 collocat,
1056 3146 1101 3205 nti
1129 3154 1158 3205 et
1175 3155 1279 3204 noster

181 3252 253 3293 eum
264 3252 433 3293 memorona
446 3234 495 3297 1.1
510 3255 537 3293 c.
551 3239 603 3299 10.
644 3252 712 3294 eum
727 3236 847 3295 Nicetaa
859 3234 946 3293 initio
961 3226 1278 3307 1.avidaaur”Atnoo
1409 3250 1420 3279 ⁸

180 3320 300 3377 Axeurn
315 3338 433 3379 vocare.
475 3320 636 3380 verisimile
650 3328 696 3379 eet
708 3320 939 3401 Pacbymerem,
959 3338 1029 3378 eum
1049 3311 1280 3399 Bnotlnpeanirno

182 3404 324 3483 acripait,
345 3404 504 3481 ingerente
525 3424 635 3465 nornen
654 3426 717 3465 non
732 3426 770 3465 ex
787 3404 931 3465 bernario
953 3402 1063 3463 (lodini
1084 3402 1136 3461 aed
1151 3422 1189 3461 ex
1203 3402 1277 3460 Ber·

182 3488 258 3548 claro
272 3488 376 3548 Annae
389 3490 551 3567 lormaaae3
571 3490 653 3556 ende
671 3500 754 3551 recta
772 3490 907 3569 analogia
924 3480 1099 3571 Βαρδαρεύς
1115 3496 1146 3547 et
1159 3480 1276 3566 Bnpbai-

183 3595 265 3655 ρειος
280 3574 373 3633 fluere
391 3584 526 3654 poaaunt
568 3585 640 3636 utut
662 3574 703 3635 ait
723 3575 760 3635 ‹le
778 3575 942 3651 vocabulo,
973 3575 1011 3634 de
1024 3590 1058 3633 1
1069 3572 1134 3653 ipae
1147 3578 1276 3647 conetat,

182 3668 301 3735 gentem
316 3658 395 3718 hanc
407 3660 522 3737 origine
535 3661 702 3739 Punicana,
723 3660 875 3721 domicilio
888 3658 1074 3734 Tbeaaabua,
1095 3658 1132 3717 ab
1146 3656 1277 3735 impara-

184 3742 299 3803 toribua
312 3744 485 3824 Byzarrtiuia
502 3755 555 3804 eat
572 3746 660 3805 etiem
672 3746 849 3827 proceribue
865 3743 972 3804 borum
987 3740 1210 3820 consanguineis
1225 3740 1277 3798 ed·

183 3824 281 3887 biberi
294 3830 414 3889 aolitarn
431 3830 470 3891 ad
493 3841 607 3890 certum
627 3851 721 3910 genna
739 3830 873 3891 aatellitii
892 3830 1025 3915 propriia
1044 3826 1209 3905 inaiguibua
1225 3822 1276 3884 ‹li-

183 3912 305 3988 allecti,
325 3932 361 3974 eo
382 3916 585 3977 termenando
604 3936 665 3996 qno
682 3916 835 3999 priucipea
855 3914 1004 3997 Europaei
1022 3912 1114 3973 boalia
1132 3909 1276 3971 llelretiia

183 4004 323 4060 utuntur.
1172 4020 1185 4039 ν

269 4084 609 4168 βασιλογραφεῖον
628 4105 660 4166 p·
675 4086 740 4152 492
753 4106 784 4147 r.
799 4089 827 4149 1.
869 4084 912 4145 ita
934 4083 1163 4159 contemnes,
1184 4080 1273 4141 etiarn
1289 4092 1312 4145 Ρ
1327 4087 1379 4146 815

181 4164 356 4231 Vaticanua.
394 4171 475 4231 unda
490 4170 718 4250 intelligendum
740 4171 853 4232 crinem
874 4169 969 4231 libelli
991 4178 1096 4228 contra
1110 4167 1275 4248 imperoto-

181 4272 246 4315 rem
261 4254 366 4338 acripti
382 4254 457 4315 lecti
473 4254 571 4316 babiti
586 4256 733 4337 peculiari
754 4252 903 4316 vocabulo
914 4257 1169 4339 ’βασιλογραφεῖον
1184 4252 1276 4314 luiaae

180 4350 338 4421 vocatam,
358 4350 391 4401 et
403 4340 548 4403 nuntie
560 4361 688 4424 poenam
701 4342 905 4405 conetltatana.
