3125 4900
422 369 438 398 ·
547 281 686 354 tm.
726 283 879 358 NOTAE.
1182 285 1258 360 649
1329 325 1331 332 ·

164 469 228 531 qne
247 459 330 510 retro
349 447 499 512 menabne
517 469 626 529 megae
643 448 754 531 pereim
772 449 930 514 hominnm
950 447 1148 526 admiratione
1163 461 1193 514 et
1204 473 1260 522 en-¹

164 536 337 617 pectetione
346 537 496 617 epeotetie.
524 537 610 618 prior
621 555 725 598 menee
735 535 898 602 Novembri
913 537 1076 618 enpeniorie
1091 537 1162 598 anni
1176 537 1259 604 1664
1338 549 1340 558 '

165 621 300 700 coepieee
313 641 458 702 epperere
468 621 599 682 dicitnr:
619 621 674 682 eod
690 642 708 681 e
723 621 827 702 pencie
839 631 915 683 tuno
928 633 1064 702 notetus,
1085 642 1185 684 menne
1198 624 1259 690 De,

163 706 279 766 cambri
290 706 491 769 celebritatem
502 716 548 768 eet
562 707 701 786 emptae,
722 715 787 766 tote
799 715 872 768 tnnc
884 707 1021 789 Europe,
1044 717 1138 790 prout
1151 729 1167 767 e
1180 710 1259 768 ecri-

162 792 228 872 ptie
242 792 454 871 undecumque
465 792 597 871 vulgetie
605 791 799 870 intelligitur,
820 793 1087 854 obeerretieeimue.
1128 794 1260 856 vidimus

163 886 198 936 et
217 896 273 936 noe
294 877 382 937 illum
402 879 512 938 Romee
532 897 620 958 eeepe
642 876 797 956 otioeeqne
810 897 878 938 cnm
893 877 938 937 bie
950 887 998 939 ter
1008 877 1148 938 nlnernm
1162 899 1259 956 come,

164 962 239 1022 orbe
251 961 353 1022 etellae
367 963 482 1043 primae
491 963 704 1042 magnitudinis
717 961 757 1022 ed
770 963 852 1022 oculi
864 961 1009 1024 indicium
1023 973 1178 1042 aequante,
1196 965 1262 1024 sul-

162 1065 238 1126 gore
259 1046 428 1126 eobpellido
447 1048 625 1127 minentem,
652 1066 745 1110 aaron
765 1057 914 1110 errantem
938 1047 1116 1122 deeultorio,
1137 1049 1261 1112 mutetis

162 1131 199 1192 in
220 1132 283 1193 dier
303 1130 388 1194 looie.
429 1133 575 1217 eoripeere
598 1133 636 1194 de
655 1134 711 1194 illo
731 1133 856 1214 plurimi
878 1133 970 1197 haine
991 1133 1057 1192 eevi
1075 1142 1259 1212 praestanter

163 1218 345 1295 eetronomi,
365 1218 417 1298 qni
431 1239 495 1280 mee
510 1219 750 1282 nomenclatione
765 1238 828 1280 non
843 1218 994 1298 indigent,
1015 1219 1092 1277 same
1107 1236 1160 1276 ene
1175 1217 1260 1284 olari.

163 1301 243 1362 duce
261 1311 362 1364 temen
380 1303 549 1366 memorabo
565 1304 712 1368 inetinctu
728 1304 805 1383 greti
824 1303 933 1381 enimi,
953 1302 1036 1382 qnod
1055 1301 1077 1362 ii
1101 1321 1171 1361 enoe
1185 1301 1260 1361 mihi

163 1387 228 1448 eine
251 1389 417 1467 argumenti
438 1390 666 1451 commentitiae
679 1389 845 1466 demunt,
867 1390 902 1449 l).
915 1389 1057 1449 loannem
1069 1386 1260 1448 Dominicum

164 1471 320 1534 Caeninum
338 1482 369 1534 et
390 1475 425 1533 ll.
435 1475 469 1537 P.
482 1475 623 1536 lecobnm
638 1473 811 1556 Gmneiemy
825 1493 886 1534 eoc.
901 1485 1036 1552 noetree,
1058 1491 1186 1552 quoram
1206 1471 1260 1534 ille

162 1559 291 1637 Romee,
306 1558 363 1618 bic
376 1558 496 1620 Perieiie
509 1581 576 1621 enee
589 1561 628 1621 (le
641 1560 702 1620 ieto
719 1569 833 1620 comete
851 1559 1072 1620 lucubrationee
1087 1557 1256 1620 ediderunt.

161 1643 272 1704 eddam
283 1645 453 1706 nnivereem
469 1645 531 1706 eine
541 1644 755 1708 obeervationie
769 1643 924 1706 bietoriem
939 1645 1044 1726 pencie
1056 1641 1257 1722 comprehen-

161 1729 911 1809 eemenostriemethemetioielngoletedieneibne,
933 1727 1257 1808 quiadmemieernnt.

162 1815 341 1882 meno1664
355 1827 470 1874 cometa
482 1827 604 1876 exeunte
611 1815 790 1894 Novembri,
811 1825 846 1872 ut
861 1811 986 1874 aliunde
999 1815 1172 1890 nuntiatur,
1191 1814 1257 1874 iam

161 1910 299 1978 erartue,
319 1898 507 1979 Ingolatadii
519 1905 558 1967 18
570 1901 745 1960 Decembrie
760 1906 781 1966 6
798 1911 872 1960 mat.
883 1903 986 1980 primo
999 1897 1087 1958 nobie
1102 1899 1189 1960 uieue
1202 1907 1258 1974 ert,

161 1985 252 2062 infra
262 1987 416 2061 tropicum
430 1985 611 2065 Capricorni
626 1985 684 2044 eub
694 1995 793 2044 roetro
812 1983 913 2061 Corvi,
929 1983 1028 2044 barba
1042 1981 1152 2042 directe
1162 2004 1183 2041 a
1195 1983 1258 2040 eale

27 2142 28 2159 Χ
161 2089 270 2128 aereae
289 2089 431 2128 occanum
443 2070 602 2129 tamum
607 2079 796 2150 proteneaet
809 2071 872 2128 late
884 2089 947 2148 qua
957 2067 1181 2132 terminabatur
1194 2065 1258 2144 dif-

27 2216 28 2227 ,
151 2155 248 2230 fura.
295 2159 335 2220 19
356 2154 458 2214 nuber.
499 2159 541 2220 20
555 2159 631 2218 Deo.
645 2158 730 2214 intra
745 2154 897 2215 &aierem
909 2166 938 2218 et
956 2153 1094 2215 Cornan.
1136 2157 1188 2224 21,
1206 2157 1259 2229 22.

160 2242 216 2314 23,
230 2240 272 2305 24
282 2237 388 2300 nuber.
416 2239 458 2306 25
471 2240 546 2298 Dec.
559 2242 581 2307 4
593 2252 669 2302 mat.
686 2242 773 2319 infra
781 2251 912 2301 uentrem
923 2238 1037 2320 Hydri,
1060 2258 1123 2318 qua
1136 2243 1163 2296 ei
1178 2237 1258 2296 cla-

162 2333 208 2380 ter
228 2326 358 2400 insistit,
380 2323 438 2382 rub
461 2322 526 2387 ead.
539 2335 617 2405 trop.
635 2328 815 2402 comparuit.
856 2335 950 2404 eaput
960 2324 1021 2383 hac
1032 2321 1082 2382 die
1096 2322 1258 2401 apparenti

27 2477 28 2494 χ
161 2405 311 2468 diametro
318 2410 458 2489 ferepar
476 2411 599 2487 Veneri,
620 2410 749 2472 barbam
761 2410 913 2472 albicanti
928 2410 994 2469 luce
1007 2405 1200 2489 eplendidam
1214 2401 1261 2465 ad

27 2499 28 2508 ’
159 2496 204 2559 80
212 2492 334 2572 gradue
348 2494 484 2554 evibrare
496 2498 607 2557 uuum.
628 2502 680 2571 26,
691 2501 744 2574 27,
757 2500 809 2571 28,
824 2500 866 2559 29
880 2496 981 2555 nubea.
1004 2499 1046 2559 30
1056 2496 1130 2552 Dec.
1142 2497 1163 2559 9
1177 2512 1257 2570 ceap.

26 2562 30 2652 i
160 2580 196 2637 in
208 2582 324 2659 Lepore
334 2580 419 2639 uelut
432 2584 562 2641 crinitae
572 2584 737 2661 apparuit:
754 2602 828 2641 nam
840 2581 876 2655 ab
888 2581 979 2641 lunae
991 2581 1141 2639 uiciniam
1153 2574 1259 2635 cauda

158 2662 259 2722 videri
277 2685 338 2723 non
351 2668 465 2743 potuit.
502 2688 596 2745 porra
613 2664 739 2725 eundem
752 2666 837 2723 buna
852 2686 923 2724 cum
938 2668 1041 2744 priore
1057 2673 1171 2721 cometa
1187 2683 1259 2739 eree,

158 2749 343 2827 confirmant
362 2749 583 2809 obseruationee
608 2748 740 2808 trident.
757 2769 837 2827 quae
857 2751 898 2813 28
912 2750 987 2809 Deo.
1005 2768 1070 2805 eum
1079 2767 1174 2825 prope
1193 2747 1257 2807 Ca-

157 2854 227 2893 nem
248 2836 410 2909 maiorem,
431 2834 567 2893 celeriori
587 2854 683 2913 quam
701 2835 792 2892 initio
812 2842 896 2890 motu
903 2850 1116 2911 progreeeum,
1137 2851 1171 2888 eu
1186 2850 1255 2887 ma-

157 2920 263 2977 tutino
285 2920 504 2996 ueepertinum,
532 2940 567 2977 ex
593 2918 720 2978 bmbato
744 2914 914 2976 caudatam
942 2918 1073 2979 euariere
1097 2924 1255 2975 tentantur.
1293 2934 1298 2943 ·

156 3008 201 3070 81
225 3002 363 3063 Deoernb.
386 3005 468 3062 inter
484 3004 631 3084 Leporem
654 3013 683 3061 et
702 3000 892 3079 Eridm,
919 3002 986 3061 iam
1006 2999 1137 3057 mutum
1156 3018 1253 3077 supra

161 3092 328 3168 (tropicum
339 3099 456 3148 evectae
466 3088 714 3168 conspiciebatur.
756 3108 838 3146 anno
847 3084 930 3151 1666
942 3091 961 3151 1
970 3084 1121 3161 Ianuarii,
1144 3088 1184 3149 12
1195 3104 1253 3143 nc-

157 3175 236 3247 ctir,
259 3172 305 3233 ad
314 3174 500 3249 auetralem,
522 3185 551 3233 et
564 3171 668 3233 eadem
679 3170 730 3232 die
743 3177 764 3237 9
777 3174 947 3252 verpertina
961 3168 1007 3229 ad
1017 3170 1164 3230 borealem
1177 3170 1253 3228 Eri-

158 3256 238 3318 dani
261 3262 365 3339 ripam
387 3261 534 3323 conetitit.
578 3263 600 3324 2
622 3260 767 3319 Ianuarii
780 3278 875 3339 prope
896 3276 930 3315 or
949 3256 1024 3316 Ceti.
1064 3256 1169 3321 Slart.
1187 3254 1253 3315 Ceti

157 3342 373 3405 mandibulam
393 3346 515 3425 aliqu,
535 3365 639 3425 eyrma
663 3344 780 3404 Orienti
798 3343 955 3403 obvereum
975 3340 1107 3402 trabeae.
1148 3340 1253 3407 ilan-

157 3441 354 3509 aequatorem
376 3434 544 3509 euperavit.
587 3430 608 3496 6
631 3428 697 3491 Ian.
718 3432 739 3493 6
758 3448 839 3509 aeep.
861 3429 895 3485 in
913 3424 1032 3487 caudae
1051 3424 1149 3485 medio
1155 3446 1253 3505 prope

157 3516 301 3575 nucleum
316 3528 447 3575 cometae
467 3514 576 3575 lucida
598 3514 678 3592 Ceti,
698 3514 827 3575 amar
841 3509 940 3586 dicta,
962 3513 1045 3571 clare
1059 3508 1253 3591 reeplenduit.

159 3598 246 3679 quod
273 3602 365 3659 etiam
389 3598 516 3680 laedit,
549 3602 718 3675 Olamucii,
751 3600 899 3677 Wennae,
924 3599 1090 3671 Mantuae,
1119 3600 1253 3675 Pragae,

157 3688 326 3757 Lacernae,
350 3684 490 3745 Trisienti
503 3686 558 3746 eub
572 3684 651 3745 idem
665 3697 783 3765 tempue
794 3683 985 3744 aberrantum
1001 3692 1053 3741 eet.
1096 3678 1177 3739 unde
1190 3680 1254 3739 col-

159 3770 220 3848 ligi
226 3782 328 3847 potent
340 3781 484 3830 cometam
494 3772 577 3831 bunc
588 3792 687 3831 carere
692 3770 855 3851 paraliari
863 3768 1010 3848 eeneibili,
1031 3764 1165 3846 adeoque
1177 3765 1255 3823 luna

159 3856 333 3929 inferiorem
358 3876 420 3915 non
442 3876 512 3915 aree.
554 3868 701 3936 quantam
723 3876 792 3915 vero
816 3876 911 3934 cupra
927 3856 1034 3919 lunam
1051 3853 1186 3911 elevatio
1200 3852 1251 3927 eit,
1268 3850 1291 3905 1³
1309 3848 1361 3905 455

158 3938 197 3997 ob
220 3941 433 4017 parallaxe'um
461 3940 704 4001 inamitudinem
726 3938 878 4000 euidenter
905 3936 1109 3999 demonetrari
1136 3938 1252 4015 nequit.

159 4028 191 4100 6,
204 4029 234 4099 7,
247 4029 277 4100 8,
290 4030 321 4102 9,
336 4030 376 4093 10
392 4025 535 4086 Ιαηιιανίί
545 4048 601 4107 per
612 4035 706 4107 caput
721 4027 787 4087 Ceti
801 4023 889 4085 tarde
896 4042 1089 4105 progreeeue,
1109 4026 1146 4088 11
1156 4042 1253 4101 prope

159 4113 323 4169 anterioree
339 4112 459 4171 Arietie
474 4110 568 4191 peden
586 4114 771 4193 comparuit,
793 4108 896 4171 cauda
914 4110 1047 4169 breviore
1059 4127 1166 4167 uererer
1177 4127 1254 4167 ocu·-

157 4196 224 4253 larn
244 4196 345 4254 Tauri
355 4208 537 4277 exporrecta.
580 4198 701 4264 121αη.
715 4200 751 4258 in
758 4218 843 4278 genu
855 4195 981 4257 Arietie.
1024 4196 1065 4259 13
1076 4204 1104 4252 a
1114 4191 1253 4273 deincepe

159 4301 254 4362 ueque
273 4280 319 4341 ad
337 4281 359 4347 4
375 4282 537 4344 1⁴'ebruarii
553 4284 667 4347 unaue
685 4285 720 4344 in
736 4280 803 4344 diee
818 4286 896 4343 inter
905 4290 1015 4363 pactae
1026 4280 1141 4343 Arietie
1153 4291 1180 4341 et
1191 4280 1251 4341 Li-
