3125 4900
374 277 456 354 ιιι.
480 277 539 350 ιι
579 275 947 358 cmososoctcns.
1139 257 1214 356 ιιι

121 447 207 525 dori,
226 446 320 509 breve
337 445 465 510 illudet
479 444 601 510 nieme
619 447 807 510 iormuetum
826 443 1027 530 pmtmdieee,
1047 465 1117 510 cum
1137 443 1216 508 dixit

121 529 145 600 i*
160 529 199 618 dei
212 526 406 614 soosssippsi
414 555 445 596 τι
459 539 593 613 σημεῖον.
611 526 700 613 ἥλιος
710 526 769 616 peip
784 541 840 594 eto.

208 618 275 678 Xll
314 619 440 696 Exque
458 617 589 680 ducrum
608 625 779 693 suetorum,
800 635 928 696 quorum
945 618 1066 700 eclipses
1083 615 1216 696 exposui,

123 701 164 764 de
181 720 285 764 esrum
305 702 516 782 significatione
530 703 674 762 sententis
681 746 691 779 ,
712 703 752 763 ed
766 701 878 762 ensem
891 701 1102 766 mmtstionis
1113 704 1214 782 inque
1230 707 1253 763 Ρ
1269 706 1321 763 ⁶05

121 783 270 852 hectmue
283 785 460 848 historicum
473 797 503 848 et
515 797 717 849 estronomum
727 807 814 868 egere
825 807 874 848 me
888 791 1039 869 oportuit,
1060 808 1168 869 queeso
1182 796 1220 850 ut

122 872 198 934 milri
211 873 300 932 liceet
313 873 458 954 teutisper
470 891 554 953 egere
566 872 757 952 theologum,
777 881 810 934 et
832 873 910 934 circe
921 874 1146 954 significetiones
1161 873 1217 934 de-.

123 957 290 1019 lectionum
313 957 469 1037 utriusque
489 956 645 1020 luminosis
657 957 781 1023 definire
795 957 944 1035 breviter,
965 968 997 1019 et
1015 959 1123 1034 solide,
1144 957 1218 1036 quid

125 1042 312 1104 Ghristisuus
335 1041 428 1104 lsomo
457 1043 564 1104 debeet
585 1052 639 1106 eut
657 1043 751 1124 possit
770 1043 821 1104 vel
840 1044 950 1106 sentire
968 1044 1095 1123 legitime
1113 1043 1163 1102 vet
1184 1045 1219 1104 in

124 1147 215 1189 usum
232 1127 373 1191 adhibere
391 1129 454 1189 eine
473 1129 548 1191 vitio
567 1127 737 1190 timiditatis
755 1137 811 1190 eut
829 1129 890 1190 sine
903 1149 983 1190 noxe
996 1127 1220 1208 superstitionis,

126 1232 256 1293 quorum
274 1213 402 1276 alterum
419 1212 567 1278 hommes
587 1214 773 1294 fortitudini,
796 1215 923 1276 etterun
944 1213 1125 1276 Christienee
1144 1213 1220 1272 reli-

145 1297 204 1360 'oni
220 1319 253 1358 re
333 1307 374 1359 et.

125 1319 153 1380 gl
210 1318 422 1464 Unffiuigim
438 1382 500 1444 hoc
510 1383 692 1468 pronuntio,
713 1385 840 1469 eclipses
855 1385 925 1446 solis
940 1393 970 1446 et
985 1383 1073 1446 luuee
1087 1402 1150 1444 esse
1164 1379 1220 1442 de-

126 1469 224 1542 iectus
239 1469 405 1546 naturales,
427 1469 478 1530 vel
491 1469 614 1531 luminis
632 1471 666 1532 in
687 1471 754 1553 ipse
766 1474 840 1532 lune
860 1471 893 1530 in
909 1470 1042 1531 umbrem
1054 1478 1153 1530 terree
1167 1467 1221 1526 iu-

127 1562 285 1630 omreute,
303 1551 355 1615 vel
372 1551 527 1615 redierunt
544 1557 615 1618 solis
631 1557 665 1616 in
685 1566 783 1636 terre,
809 1557 894 1616 Luue
911 1575 943 1616 se
963 1555 1042 1617 inter
1057 1565 1220 1634 utrumque

128 1639 290 1702 iniiciente.
330 1647 393 1699 tem
406 1639 555 1702 netureles
568 1651 667 1704 eutem
680 1651 711 1702 et
724 1641 878 1704 ordinetee
897 1649 971 1701 eunt
994 1637 1221 1700 coniunctiones

129 1733 160 1786 et
177 1722 379 1806 oppositiones
393 1723 566 1805 ecliptices,
588 1747 677 1807 quem
699 1737 772 1788 sunt
788 1725 852 1808 ipsi*
872 1734 971 1786 motus
986 1723 1177 1786 luminarium
1193 1729 1224 1782 et

129 1811 269 1891 syzygiae
282 1829 345 1869 non
359 1801 530 1891 e'clipticee,
551 1832 640 1892 quem
652 1822 724 1873 sunt
739 1811 803 1873 dies
824 1820 855 1871 et
873 1820 992 1890 noctes,
1021 1829 1111 1890 quem
1121 1805 1223 1866 solsti-

129 1897 173 1956 tie
191 1904 222 1956 et
243 1892 447 1974 nequissetis,
476 1916 567 1977 quern
587 1918 703 1958 meuses
724 1906 755 1958 et
774 1897 864 1958 ernis
889 1894 1022 1977 pendent
1043 1893 1121 1955 enim
1146 1889 1223 1952 haec

130 1979 231 2041 omnis
241 1979 332 2040 simili
346 1979 437 2040 modo
452 2000 470 2040 e
487 1980 586 2063 prime
600 1983 665 2062 lege
679 1992 711 2043 et
722 1981 911 2044 ordinatione
931 1978 1113 2055 conditoris,
1134 1995 1225 2057 quem

133 2064 224 2126 coelis
237 2075 268 2124 et
281 2063 429 2126 sideribus
446 2066 641 2148 praescripsit
660 2067 697 2127 eb
715 2067 802 2127 initio
822 2067 946 2127 molitor
962 2065 1035 2126 deus
1041 2109 1050 2144 ,
1080 2083 1170 2143 quem
1181 2061 1227 2120 le-

131 2169 196 2231 gem
211 2160 398 2213 constantem
413 2151 627 2213 etinvioletem
639 2172 687 2214 res
704 2161 819 2214 meetee
834 2160 1035 2229 conservent3
1065 2167 1141 2228 quse
1153 2165 1228 2206 ceu-

132 2255 164 2297 ee
179 2244 224 2294 est
236 2256 290 2296 cur
304 2236 428 2318 eclipses
439 2237 653 2317 praedicantur
663 2237 861 2298 intellibiliter
875 2259 891 2296 e
903 2235 1009 2318 peritis
1020 2255 1089 2295 cum
1100 2233 1228 2294 circum

132 2321 250 2382 etentiis
270 2320 484 2400 magnitudinis
507 2330 538 2384 et
559 2322 740 2400 durationis,
771 2322 875 2385 habite
902 2321 1088 2381 arctissime
1109 2317 1228 2378 retione

131 2413 300 2487 temporum
313 2414 344 2467 et
358 2405 510 2487 locorum,
531 2406 564 2467 in
583 2407 690 2487 quibus
700 2409 771 2470 illes
785 2407 973 2487 contingunt.
1014 2401 1129 2465 secedit
1144 2401 1228 2483 quod

131 2510 273 2553 numerus
292 2491 450 2572 eclipsium
469 2512 594 2571 megnus
614 2494 655 2554 sit
674 2502 705 2554 et
733 2514 877 2555 occursus
900 2494 1058 2571 frequenss
1087 2496 1229 2568 qustuor,

132 2576 283 2636 interdum
296 2586 326 2636 et
340 2576 442 2656 plures
455 2596 510 2657 per
520 2578 654 2656 singulos
676 2599 770 2639 ennos
793 2578 888 2655 fiunt,
910 2586 940 2637 et
952 2577 1012 2637 iem
1028 2573 1165 2635 emundi
1177 2590 1230 2633 ex-

132 2660 218 2723 ordio
231 2662 302 2741 plus
317 2681 405 2739 quem
416 2662 540 2721 vicesies
553 2662 637 2723 mille
649 2664 802 2723 numereri
816 2670 951 2741 possunt.

217 2744 327 2805 Eodem
346 2766 440 2826 porro
460 2746 668 2827 providentie,
696 2767 772 2826 ques
799 2746 871 2807 fecit
891 2745 925 2803 in
945 2741 1055 2804 mundo
1076 2741 1137 2801 duo
1154 2738 1230 2801 leste

132 2828 291 2891 luminosis
306 2848 427 2909 megne,
450 2830 604 2889 luminare
620 2832 739 2907 maius,
761 2842 797 2889 nt
810 2840 960 2909 praeesset
977 2826 1058 2901 diei,
1084 2834 1112 2883 et
1134 2825 1230 2883 lumi-

134 2936 209 2975 nare
221 2916 341 2993 minus,
361 2926 397 2975 ut
413 2926 565 2995 praeesset
579 2918 679 2993 nocti,
707 2926 743 2977 nt
759 2916 893 2975 lucerent
905 2932 996 2993 super
1013 2922 1125 2969 terrum
1140 2918 1168 2967 et
1179 2906 1230 2967 eli-

133 2998 269 3065 eidermt
280 2999 378 3058 lucens
392 3020 414 3058 u
425 2999 554 3059 tenebris
567 2994 690 3086 (Gener.
705 3003 755 3079 1),
777 2998 879 3061 eedem
895 2998 1008 3079 periter
1028 3014 1083 3055 sue
1095 2994 1229 3054 bonitate
1303 3053 1306 3065 ,

135 3094 167 3144 et
187 3084 333 3167 sepientis
353 3094 455 3145 motus
477 3104 582 3146 eorum
604 3074 635 3145 ei
654 3086 865 3147 conversiones
882 3080 1033 3143 ordiuevit
1050 3080 1089 3139 ed
1108 3079 1230 3140 felicem

135 3168 240 3230 mundi
262 3168 523 3250 guber-ustionem,
552 3170 592 3230 ed
606 3170 769 3232 electorum
793 3170 919 3230 sulutem
942 3176 973 3227 et
992 3163 1230 3243 suemgloriem5

134 3273 193 3315 nec
207 3252 331 3314 dubium
345 3254 418 3335 quin
430 3255 510 3338 ipses
523 3253 750 3317 coniunctiones
763 3263 795 3316 et
807 3250 1028 3337 oppositiones,
1048 3250 1121 3311 solis
1133 3258 1163 3309 et
1181 3248 1233 3309 lu-

134 3358 192 3400 nee
206 3340 340 3400 defectus
350 3349 381 3400 et
393 3339 626 3403 illuminetiones
633 3385 643 3419 ,
665 3341 855 3403 constituerit
865 3339 900 3399 iu
916 3357 1042 3399 numero
1054 3336 1189 3418 pondere
1201 3342 1233 3395 et

135 3444 293 3571 pfinsteppe,
315 3426 540 3586 qusznslpipbst
559 3435 590 3489 et
607 3426 730 3489 solebet
746 3425 876 3488 hnmeuo
895 3424 997 3505 generi
1007 3423 1047 3485 ed
1062 3422 1189 3483 eelutem
1202 3426 1235 3479 et

150 3529 166 3568 e
188 3530 215 3569 cs
260 3530 305 3569 em
341 3530 375 3569 ro
477 3532 519 3577 m.

220 3594 303 3655 Xlll.
317 3531 391 3656 plix
410 3595 470 3657 hoc
499 3618 562 3658 uno
586 3595 782 3679 pronuntiato
817 3594 937 3656 tollitur
964 3590 1179 3655 edmirebilites
1204 3594 1236 3649 et

136 3678 222 3759 vulgi
240 3678 365 3759 quidem
383 3690 507 3763 stupor,
536 3681 590 3763 qui
609 3682 737 3763 eclipses
758 3680 970 3761 couseqteiturr
997 3678 1094 3739 oritur
1107 3674 1185 3735 enim
1198 3690 1238 3733 ex

136 3763 388 3843 ignorentieoum
403 3767 532 3847 quedem
544 3766 679 3829 novitete
692 3776 724 3829 st
736 3768 862 3828 reritete
877 3765 960 3847 epud
978 3762 1099 3842 eosqui
1118 3778 1175 3820 nec
1187 3777 1238 3817 ee-

136 3868 208 3910 rum
221 3870 327 3910 censes
345 3851 523 3931 intelligunt
540 3872 602 3915 nec
615 3872 665 3913 ees
675 3854 794 3933 seepius
812 3851 1029 3925 observerunt,
1050 3866 1120 3907 cum
1132 3852 1238 3905 contre

138 3933 287 4015 sepientes
299 3944 332 3995 et
343 3935 424 3996 docti
439 3958 489 3998 ees
507 3938 569 3999 suis
587 3938 773 4019 temporibus
794 3935 895 3999 securi
907 3942 1082 4017 expectent,
1103 3939 1133 3991 et
1147 3949 1239 3990 occe·-

138 4018 224 4079 sione
235 4018 270 4079 in
281 4022 471 4083 commodum
486 4043 631 4085 converse
647 4022 755 4085 effectu
766 4022 842 4083 bue
855 4029 996 4097 utentur,
1020 4026 1050 4079 et
1062 4012 1237 4100 perniciem,

138 4104 165 4165 si
178 4124 238 4185 que
251 4103 382 4167 creditur
395 4106 568 4189 imminere,
586 4116 682 4170 totem
696 4107 731 4169 in
744 4108 845 4170 hostes
861 4106 1008 4169 deriveut.

222 4188 272 4251 Ite
282 4190 355 4251 olim
370 4193 518 4275 sulpitius
533 4194 655 4272 Gellns,
680 4203 716 4255 ut
734 4194 871 4257 reimunt
890 4190 991 4254 Livius
1008 4188 1032 4250 l·
1051 4182 1094 4253 44
1109 4194 1140 4248 st
1155 4183 1236 4247 Plus.

136 4274 171 4337 in
186 4274 280 4339 Peulo
295 4275 440 4368 iemilio,
460 4278 501 4344 de
511 4278 624 4362 insigni
637 4279 804 4343 delectione
814 4280 924 4355 lunee,
944 4294 1035 4358 quem
1047 4269 1237 4357 presvidertt
