3125 4900
455 300 459 308 ·
527 281 663 356 mett
701 283 856 356 notet.
933 309 939 336 ¹
1099 291 1100 296 ’
1163 283 1241 362 685

124 473 199 533 pro
215 469 303 513 uuae
315 449 396 532 pecie
408 447 723 512 obltemincereersen
736 451 920 530 comeatum,
940 449 1131 512 disertissime
1147 447 1241 512 tradit

125 538 270 598 idoneae
296 545 404 598 auctor
422 536 589 596 Demetrius
609 537 719 598 lleiilee
739 537 868 600 Cabecae
888 555 928 598 ex
939 535 1084 598 Pletbone
1096 537 1238 616 Gemisto,

124 621 194 700 qui
206 621 311 682 videre
323 623 509 702 potuitquae
519 621 607 697 (licit,
628 641 699 683 cnm
711 623 966 702 Gomtantinopoli
980 621 1036 684 sub
1049 620 1192 682 nicusus
1207 629 1239 684 at

124 714 210 786 poet
222 706 305 766 banc
318 707 374 767 eub
392 706 565 766 Andronico
577 708 704 783 vixerit,
721 708 841 769 etimne
852 706 1032 788 Pacbymere
1046 717 1238 772 memoratus.

127 791 212 852 virle
231 811 307 872 quae
321 791 490 853 notavimus
504 791 544 852 ed
555 812 586 874 p.
595 792 660 857 314
675 812 709 861 v.
721 798 753 860 2.

225 915 325 996 pitto
332 916 398 983 ποῦ.
419 918 638 998 inAcropoIs'ta
645 915 768 1000 quidun
775 913 949 978 ulciscendo
959 919 1041 977 ἰνοοι
1049 917 1236 995 inpotentem

128 997 260 1060 lauhun.
304 1001 364 1062 scio
378 1001 475 1062 visum
488 1003 525 1064 iri
539 1003 667 1084 cuipiam
680 1006 793 1065 Graeca
807 1001 858 1062 illa
871 1001 923 1066 sal
936 1003 1150 1088 reprimeretur
1163 993 1235 1063 κοτ’

129 1083 259 1148 ἐκεῖνον
270 1081 324 1150 niv
340 1085 440 1170 θυμὸν
454 1079 511 1171 ἦγε
526 1109 589 1149 non
603 1089 638 1148 id
658 1090 741 1169 quod
759 1097 847 1150 sonat
861 1087 976 1164 versio,
999 1086 1051 1146 seal
1064 1085 1147 1164 quasi
1161 1105 1237 1144 oon-

131 1171 267 1230 trarium
285 1191 400 1233 sonere.
441 1193 549 1236 verum
567 1173 757 1239 adversative
777 1193 853 1256 quae
878 1193 950 1234 mox
969 1173 1119 1251 sequitur,
1145 1173 1190 1267 api
1201 1165 1237 1233 tt

131 1251 329 1330 Monleilesee
351 1257 404 1321 eal
424 1259 494 1322 λίαν
512 1254 709 1342 χολούμενος,
728 1259 789 1322 boc
809 1257 932 1338 intelligi
944 1257 1027 1337 quod
1040 1272 1238 1336 expressimus

129 1339 168 1398 in
180 1341 333 1419 prioribus
345 1342 445 1403 verbis
453 1343 583 1422 indicet,
603 1346 794 1424 quantumvis
807 1343 857 1405 illa
871 1344 933 1405 buc
948 1343 1042 1404 invita
1054 1337 1238 1422 pertraban-

130 1433 207 1502 tur,
236 1427 324 1507 plane
343 1428 489 1511 siquidem
509 1429 673 1510 significare
694 1432 764 1492 vult
782 1439 887 1492 auctor
901 1429 1021 1489 diverso
1033 1447 1069 1486 ac
1084 1427 1145 1485 iere
1159 1443 1236 1484 con-

129 1510 235 1570 trario
248 1511 338 1572 modo
350 1533 381 1573 se
392 1515 511 1592 gessisse
524 1516 691 1595 Augustum
702 1537 772 1577 curn
786 1515 904 1577 dnobus
922 1513 1018 1590 bisce,
1040 1511 1237 1572 Constantino

132 1593 312 1676 Acropolite
330 1606 361 1658 et
380 1598 539 1661 Theodoro
560 1599 730 1683 blueslone3
751 1621 845 1681 quare
867 1601 976 1661 diserte
993 1597 1145 1657 affirmans
1158 1594 1235 1654 ellu-

133 1700 201 1740 eam
214 1681 246 1740 in
258 1680 341 1742 hunc
354 1683 391 1742 ab
409 1704 445 1744 eo
460 1693 555 1746 totam
573 1687 766 1747 acerbitatem
786 1688 863 1764 irae,
883 1683 943 1746 hoc
956 1685 1019 1766 ipso
1033 1681 1235 1741 necessitatem

133 1765 226 1825 nobis
237 1768 363 1848 imponit
379 1769 562 1850 intelligendi
572 1771 674 1832 mitins
688 1773 778 1853 egisse
795 1793 863 1833 cnm
876 1773 987 1848 altero,
1008 1775 1039 1828 et
1057 1767 1090 1828 in
1104 1786 1139 1826 eo
1153 1763 1236 1826 mesl-

48 1906 49 1909 ,
132 1851 231 1910 tando
252 1853 424 1914 bacuadiee
443 1857 577 1916 sreenum
596 1859 771 1934 attraxisse,
791 1867 944 1934 utcunque
961 1855 1068 1914 idnou
1085 1851 1162 1912 clare
1180 1869 1234 1910 er-

48 1992 50 1995 .
135 1934 267 2014 chetypa
282 1939 459 2018 exprimant
496 1961 675 2020 quamquam
688 1943 713 2002 ai
727 1943 792 2022 quis
803 1943 934 2024 penitius
945 1939 1140 2017 introspiciat,
1158 1955 1235 1995 con·-

134 2020 199 2080 lido
213 2021 469 2102 deprehensarum
481 2027 570 2086 etiam
583 2027 624 2087 ed
634 2045 803 2111 expressam
812 2049 829 2088 a
838 2025 924 2090 nobie
937 2024 1113 2087 eententiam
1120 2023 1235 2082 Graeca

135 2105 209 2164 eatis
223 2126 310 2186 possa
325 2111 543 2172 accommodari
552 2109 594 2194 ¹³).

220 2252 252 2313 P·
267 2236 332 2302 498
343 2255 373 2296 v·
390 2241 440 2303 18.
480 2236 527 2298 ad
537 2235 677 2300 Mentem
689 2239 835 2320 Negram.
856 2235 992 2318 supplevi
1007 2231 1046 2296 ed
1058 2232 1109 2294 illa
1122 2234 1236 2295 Graece
1251 2237 1275 2296 P
1291 2235 1342 2294 eet

48 2372 50 2381 ,
136 2311 212 2399 προς
232 2315 267 2384 eb
284 2318 377 2400 ettae
394 2323 574 2384 vocabalum
591 2321 661 2406 ’ὅρος
684 2336 824 2388 montem
870 2332 957 2384 erent
980 2320 1107 2381 enimin
1131 2317 1237 2378 Monte

48 2434 50 2468 ι
136 2402 225 2482 Nigro
239 2403 377 2465 monachi
389 2407 525 2488 plurimi,
545 2418 576 2472 st
586 2409 627 2470 ad
647 2410 855 2491 capessendam
866 2407 1059 2471 monasticem
1072 2404 1236 2486 prosnesio-

136 2508 205 2562 nem
220 2492 460 2555 accommodatus
473 2495 524 2555 ille
538 2495 630 2556 locus.
671 2495 773 2575 itaque
790 2496 852 2557 illic
876 2490 1042 2556 monachus
1061 2490 1131 2551 olim
1145 2490 1240 2552 viss.

137 2582 187 2634 rat
204 2576 371 2637 Germanae
388 2588 492 2659 postea
517 2578 705 2660 patriarche,
734 2589 772 2642 ut
798 2588 901 2641 noster
921 2580 1140 2657 deotperto.
1158 2578 1237 2639 ν.9.

138 2656 319 2720 Theodosius
333 2664 405 2722 itam
415 2666 561 2746 princeps,
582 2663 691 2724 deinde
703 2662 873 2747 patriarcba
889 2660 1102 2735 Annocnsnm,
1126 2667 1162 2719 ut
1176 2658 1237 2725 ha.

48 2825 49 2830 ἵ
137 2742 225 2804 batur
242 2745 263 2805 l.
280 2748 342 2810 50.
358 2749 409 2811 24.
451 2757 569 2829 poterat
581 2758 612 2808 et
629 2748 668 2807 ed
679 2748 714 2811 eei
727 2749 819 2828 μέλαν
831 2746 1008 2825 subintelligi
1021 2749 1129 2824 σχῆμα,
1151 2744 1233 2823 quod

137 2830 227 2889 vestie
238 2829 453 2891 monachorum
471 2853 526 2912 per
544 2834 698 2892 Orientem
717 2834 802 2911 nigre
819 2842 909 2892 eeset:
937 2832 990 2891 sed
1003 2829 1129 2889 verbum
1144 2852 1234 2891 anan·

138 2920 246 2996 φυγεῖν
263 2916 449 2977 commodius
464 2919 595 2978 refertur
615 2918 653 2977 ed
667 2917 766 2979 locum
784 2916 926 2997 quemad
940 2923 1062 2976 reatem.
1104 2932 1160 2973 nec
1175 2912 1234 2987 ob?

138 3007 197 3057 stet
215 3002 404 3061 coniecturae
428 3002 511 3081 qnod
532 3002 584 3062 bic
604 3003 733 3079 dicitur,
759 3011 898 3063 exectum
922 3022 939 3061 a
964 2998 1116 3059 Cotenitzn
1133 2996 1231 3076 (lreuel

140 3083 226 3144 dabie
241 3086 279 3145 eb
292 3085 441 3167 Augusto)
453 3097 487 3149 ut
500 3089 602 3148 statim
616 3098 730 3150 vestem
751 3107 866 3148 sacram
883 3084 1032 3149 indueret.
1074 3104 1143 3143 nant
1157 3080 1230 3143 binc

139 3169 236 3249 potius
250 3182 374 3251 apparot
385 3175 506 3252 petitam
521 3174 641 3238 nomine
663 3175 835 3234 Cotanitaas
853 3174 891 3233 ab
908 3173 1086 3253 imperatore
1098 3168 1228 3229 faculta-

138 3262 196 3313 tem
210 3256 300 3315 eundi
319 3258 357 3317 ad
372 3258 505 3319 Montem
520 3260 659 3339 Nigrum:
678 3260 730 3319 aed
743 3257 826 3319 hunc
836 3259 967 3319 ueritum
980 3276 1019 3317 ne
1030 3254 1056 3313 is
1066 3254 1109 3315 sic
1122 3255 1228 3315 ‹limis-

139 3358 186 3399 sus
200 3339 257 3413 alio
270 3342 381 3420 abiret,
402 3345 531 3425 exegisse
541 3345 691 3405 utstatim
703 3364 734 3403 sc
747 3346 880 3423 alligaret
895 3344 1057 3405 monastice
1070 3340 1227 3423 professio.

139 3444 175 3485 ne
185 3445 268 3486 sacro
281 3426 388 3490 babitu
399 3428 517 3499 induto.
559 3431 641 3509 quoa
656 3430 707 3491 illa
718 3430 912 3491 nilrccueans
921 3428 1000 3489 fecit.

215 3573 248 3634 p·
257 3553 320 3621 605
334 3562 423 3623 nen
466 3567 502 3618 ut
516 3560 681 3637 imperator
693 3579 762 3617 cum
774 3560 843 3617 auis
851 3600 859 3619 .
867 3600 891 3621 ..
899 3554 1114 3629 ..anathemati
1127 3549 1233 3617 subii..

138 3651 277 3719 careatur.
318 3643 464 3703 recitatur
483 3643 522 3703 ab
536 3642 668 3705 Odorico
681 3643 838 3724 Rayneltlo
857 3642 931 3703 haec
944 3640 1229 3702 excommunicatio-

139 3724 182 3782 nis
199 3724 232 3783 in
253 3724 426 3787 Micbailem
445 3728 650 3808 Palaeologum
681 3732 827 3789 sententie
851 3728 891 3789 ad
920 3746 1031 3788 annum
1057 3728 1148 3791 1281.
1174 3724 1232 3793 ubl

140 3826 311 3888 quamquam
325 3812 465 3893 culpatur
478 3814 667 3893 Palaeologns
678 3814 760 3894 quod
773 3823 861 3895 pacta
884 3833 922 3874 ex
933 3813 994 3873 fide
1006 3812 1085 3873 circe
1100 3830 1228 3870 concor-

140 3890 212 3952 ‹lism
232 3894 418 3957 ecclesiaram
440 3918 503 3959 non
522 3898 681 3979 explesset,
707 3898 791 3960 baud
812 3910 911 3960 tamen
934 3898 1019 3960 facile
1039 3894 1174 3956 adducor
1190 3904 1229 3956 ut

138 3976 264 4055 credam,
285 3980 367 4059 quod
382 3983 445 4044 illic
463 3984 512 4045 vir
531 3984 581 4045 ille
602 3984 790 4045 doctissimus
809 3984 931 4047 videtur
949 3982 1081 4066 opinari,
1108 3982 1227 4061 culpam

137 4064 316 4145 imperatorie
335 4066 369 4129 in
382 4086 419 4131 eo
435 4068 538 4149 sitam,
559 4068 659 4151 qnod,
687 4070 765 4132 sicut
781 4072 976 4154 promiserat,
1003 4088 1066 4129 uon
1085 4066 1226 4129 effecisset

197 4294 729 4369 noeoeane-treatment.
