3125 4900
312 379 349 427 at
586 352 640 420 Ῥ.
664 347 828 420 rossml
851 346 1091 418 DEDICATIO.

312 517 384 598 luit,
412 514 527 582 omisso
554 513 666 582 edendi
690 513 886 602 vertendique
906 515 1023 596 officio,
1050 515 1228 578 lemmatum
1248 535 1283 578 ac
1304 511 1404 578 titolo-

312 642 380 686 rum
409 617 607 706 exscriptione
635 619 716 681 sarili
742 616 894 697 defungi?
938 614 1089 701 aliquanto
1108 617 1177 706 plus
1197 614 1336 679 sacerdos
1356 619 1404 678 fe-

314 723 368 800 cit,
397 719 612 784 eruditissimus
632 719 790 798 aeuum,
812 717 863 802 qui
886 735 943 801 que
964 718 1014 780 via
1034 725 1172 780 veterum
1192 727 1405 778 monumento-

241 811 244 819 *
313 843 382 886 rum
401 821 628 886 scrutandorum
647 818 862 899 descendebat,
883 821 961 881 forte
978 828 1082 882 nactus
1097 818 1300 881 narrationum
1320 838 1406 878 mea-

313 943 382 986 rum
404 924 571 1003 magmenta
589 925 750 1002 nonnulla,
777 921 875 1010 qualia
895 921 1051 988 invenerat
1077 915 1171 984 edidit
1190 917 1405 982 Parisiensibus

313 1025 402 1109 typis.
445 1043 552 1090 verum
578 1037 609 1089 et
635 1026 702 1112 ipse
727 1022 913 1112 praeterivit,
943 1020 1051 1086 merito
1073 1019 1238 1084 detrectans
1261 1022 1407 1106 interpre-

313 1124 398 1188 tandi
417 1146 558 1212 operam,
588 1126 622 1190 in
641 1139 705 1190 tarn
725 1137 878 1212 corrupto,
905 1127 993 1210 quale
1013 1133 1116 1187 nactus
1137 1135 1213 1199 crat,
1244 1122 1407 1206 exemplari

313 1227 415 1313 utique
435 1226 630 1315 perdendam.
672 1227 813 1314 equidem
834 1225 1010 1306 (latendum
1023 1226 1107 1290 enim
1119 1223 1184 1308 est)
1205 1224 1300 1310 peiori
1316 1226 1406 1302 longe

323 1348 383 1391 oco
403 1349 487 1392 eram
506 1349 599 1416 quarn
618 1334 791 1395 vulneratus
811 1331 849 1391 ab
866 1327 1106 1390 Hiericuntinum
1124 1327 1181 1390 iter
1199 1325 1407 1390 obsidentibus

313 1427 427 1494 s'icariis
454 1430 568 1512 viator,
596 1432 648 1496 ille
675 1429 824 1518 siquidem
844 1441 1005 1515 utcumque
1026 1431 1182 1494 confossus
1203 1429 1332 1514 spirabat
1352 1425 1408 1490 ad-

312 1531 374 1593 1111
403 1541 521 1614 nmen,
553 1553 611 1616 ego
639 1534 773 1597 animam
800 1533 1012 1596 exhalaveram
1031 1553 1122 1596 sensu
1141 1532 1230 1618 plane
1251 1551 1351 1593 casem
1372 1549 1407 1591 ac

313 1632 436 1718 spiritu,
474 1655 539 1699 non
570 1635 671 1700 111111
702 1655 796 1722 quum
822 1633 874 1699 ille
900 1643 1085 1696 memoratus
1108 1632 1141 1696 in
1166 1631 1249 1696 libris
1276 1629 1407 1713 Regum,

314 1754 407 1819 quem
427 1733 478 1820 qui
503 1737 655 1812 htnnaturi
685 1737 833 1815 exierant,
862 1733 1036 1799 instantium
1064 1736 1297 1800 latrunculorum
1324 1745 1408 1796 metu

312 1835 488 1900 festinantes
514 1837 548 1900 in
573 1841 745 1925 sepulcrum
769 1837 882 1901 Eliseei
909 1837 1113 1912 coniecerim,
1145 1857 1215 1900 casu
1235 1836 1293 1922 ipsi
1312 1840 1409 1900 fortu-

313 1947 404 2005 nato:
429 1938 541 2002 etenim
562 1951 699 2004 contactu
719 1940 835 2005 ossium
854 1939 1020 2026 prophetae
1039 1937 1148 2002 revixit
1167 1949 1312 2002 mortuus.
1354 1955 1411 2023 per

314 2037 393 2104 mihi
412 2040 538 2104 felicitas
560 2062 599 2104 ex
618 2039 667 2105 Te
687 2042 823 2122 contigit.
866 2062 902 2104 os
923 2051 1008 2101 tuum
1029 2050 1059 2102 et
1080 2060 1148 2102 caro
1169 2051 1237 2116 tua,
1263 2037 1411 2102 Eminen-

313 2138 447 2208 lisaimus
467 2140 664 2206 Fnsncmcos
686 2141 850 2207 cardinalis
870 2139 1097 2219 Bracmanum,
1118 2161 1170 2201 me
1191 2141 1411 2204 conclamatum

315 2237 489 2328 depositum
509 2243 682 2308 exanimem
703 2243 847 2322 colligens
867 2242 976 2304 tollens
1001 2241 1199 2324 amplectens,
1228 2238 1352 2306 tandem
1378 2253 1412 2305 ut

259 2417 264 2424 ‚
315 2342 453 2408 viverem
473 2341 588 2428 effecit,
614 2343 674 2408 1111
698 2343 811 2408 sedicet
830 2343 992 2408 obsecutus
1012 2341 1092 2410 votis
1114 2352 1146 2404 et
1165 2340 1330 2412 mandatis:
1360 2340 1415 2407 Tu.

315 2437 399 2507 enim
431 2446 604 2531 exemplum
630 2445 694 2510 mei
720 2443 819 2534 operis
850 2443 1000 2527 integrum
1027 2428 1201 2508 accersitum
1228 2466 1247 2508 e
1277 2441 1413 2533 quodam

314 2540 428 2625 angulo
456 2542 600 2611 Graeciae
625 2547 705 2614 illius
731 2546 805 2611 fidei
831 2546 938 2615 vivens
968 2544 1176 2628 commiseras,
1212 2544 1335 2611 hortans
1362 2547 1415 2609 in-

315 2657 456 2737 stansqua
475 2659 509 2716 ut
529 2647 682 2718 edendum
702 2648 862 2736 aliquando
885 2657 1007 2713 curaret.
1037 2648 1071 2710 in
1090 2647 1151 2709 boc
1170 2646 1222 2717 ille
1241 2646 1317 2709 nulli
1336 2669 1415 2733 ope-

315 2769 369 2815 rae
390 2751 574 2816 contentioni
587 2751 719 2837 sumptni
734 2743 875 2839 pepercit.
905 2751 989 2815 misit
1009 2749 1070 2830 egit
1089 2749 1187 2815 movit
1206 2750 1299 2811 multa
1319 2748 1414 2828 longo

316 2861 472 2943 tempore,
499 2851 600 2939 quoad
625 2854 851 2935 longanimitate
871 2862 959 2939 atqua
980 2850 1095 2918 efficaci
1114 2851 1333 2937 perseverantia
1354 2854 1414 2915 ob-

317 2942 438 3052 staculis
461 2956 608 3044 perruptis
637 2957 732 3045 optati
752 2975 897 3046 compos,
926 2953 1003 3021 mihi
1023 2950 1163 3019 derelicto
1185 2965 1273 3041 atque
1293 2954 1413 3017 abiecto

313 3076 404 3126 verus
433 3059 586 3128 beneficus
614 3056 818 3122 Samaritanus
846 3054 1008 3144 sospitator
1026 3054 1132 3122 extitit.
1171 3054 1222 3122 ille
1242 3056 1338 3121 humo
1359 3078 1413 3119 me

317 3158 468 3225 sublatum
495 3180 531 3222 ac
554 3164 693 3246 pulvere,
720 3160 770 3226 isti
790 3181 809 3222 a
830 3181 890 3245 quo
910 3179 981 3222 aum
1000 3156 1144 3223 latinitate
1165 3153 1291 3223 donatus
1317 3160 1413 3221 inter.

316 3258 395 3353 preti
414 3263 498 3326 velut
516 3263 677 3327 stabulario
700 3258 962 3334 commendatum,
982 3257 1111 3323 denariis
1124 3261 1219 3323 multo
1233 3262 1413 3344 ultraquam

318 3358 438 3427 duobus
455 3361 660 3450 descriptionis
681 3376 712 3433 et
732 3362 901 3429 excusionis
922 3364 961 3429 ab
982 3362 1214 3429 amanuensibus
1234 3382 1269 3424 ac
1290 3361 1414 3423 chalco-

319 3464 440 3553 graphia
460 3466 627 3530 necessaria
649 3465 726 3535 mibi
745 3462 899 3545 vulgando
921 3484 1014 3549 opera
1033 3461 1204 3551 redempta,
1225 3472 1289 3523 tum
1311 3471 1413 3525 caete-

318 3565 360 3636 111
381 3566 522 3631 omnibus
542 3566 574 3632 tn
595 3570 696 3635 lucem
716 3564 890 3647 emergendi
909 3562 1049 3633 subsidiis
1069 3588 1132 3629 non
1152 3562 1293 3649 munifice
1310 3564 1413 3631 solum

318 3665 376 3734 ced
396 3669 555 3749 magnilica
577 3670 669 3733 etlam
687 3668 878 3747 instructum,
905 3667 938 3729 ln
963 3668 1044 3732 hunc
1070 3666 1214 3733 literariae
1235 3664 1412 3730 celebritatis

317 3758 479 3841 meridiem
509 3771 647 3862 protulit,
675 3772 728 3833 ubi
748 3793 818 3836 mea
838 3769 977 3849 historia,
1006 3780 1146 3855 tanquam
1166 3767 1217 3832 illa
1236 3764 1412 3831 Memnonis

317 3882 431 3956 statua,
457 3873 566 3941 insueti
593 3874 652 3937 sibl
672 3874 745 3938 solis
769 3892 910 3959 percussa
929 3890 1010 3936 nunc
1030 3870 1161 3956 primum
1181 3866 1288 3945 radiis,
1311 3890 1413 3935 erum-

319 3984 372 4060 pat
391 3976 423 4041 in
442 3999 535 4042 voces
555 3976 724 4045 lmmortale
745 3974 849 4041 Tuum
868 3994 903 4036 ae
923 3970 1072 4049 Tecrum,
1095 3968 1310 4037 5111111111
1327 3970 1413 4034 Por.

320 4097 432 4153 11111,
452 4078 484 4144 in
504 4102 555 4146 me
576 4102 696 4147 111111
716 4077 876 4147 literariam
903 4072 1043 4144 meritum
1063 4074 1137 4139 orbe
1157 4074 1216 4137 late
1237 4081 1306 4139 toto
1326 4092 1414 4159 prae-

320 4172 479 4247 dicaturus.

776 4346 979 4365 βαρ-Μ
