3125 4900
268 295 334 340 rm
697 271 734 342 P.
758 271 923 340 Possm

266 435 447 514 bertinum,
468 435 684 500 conciliationis
706 437 900 500 ccclesismm
920 433 1054 500 Graecae
1075 457 1144 498 cum
1163 436 1287 518 latina,
1317 440 1362 503 sic

265 535 408 621 oprimis
431 538 595 617 originibus
622 537 753 617 evolvit,
779 539 823 602 sic
851 560 870 603 a
895 536 1144 602 dehherationmn
1171 541 1285 605 aroanu
1305 563 1362 606 ve-

263 639 364 722 risque
391 640 571 719 ratiombus,
600 662 657 725 per
682 641 832 703 subactus
862 638 934 702 inde
961 643 1133 704 lutosarum
1161 643 1270 706 nuum
1289 643 1361 705 hinc

260 737 334 800 lidei
353 739 506 818 duceres,
533 740 575 804 ad
605 763 679 805 suos
708 743 807 806 exitus
826 741 982 828 perducit,
1013 753 1046 804 ut
1066 763 1200 805 asserere
1220 763 1284 805 non
1304 743 1361 805 du-

260 841 355 904 bitem
374 840 409 903 id
428 855 638 925 argumentum
656 845 764 926 ingens
784 867 803 910 a
822 846 907 908 nullo
927 846 995 930 plus
1012 839 1129 908 Graeco
1150 845 1294 930 scriptore
1313 847 1362 907 lu-

263 965 306 1007 us
327 964 471 1030 accipere.

247 1149 252 1160 ,
344 1095 400 1159 111.
441 1097 513 1162 Non
539 1119 592 1162 me
619 1097 697 1179 iuml
724 1095 871 1161 intercedi
897 1094 1041 1162 aduersus
1068 1097 1146 1160 haec
1173 1095 1310 1182 speciosa
1330 1109 1361 1160 et

261 1198 413 1284 plausibili
433 1200 612 1285 exceptione
631 1199 725 1286 posse
750 1221 770 1262 a
797 1200 905 1262 merito
934 1199 1123 1285 querentibus
1150 1199 1360 1280 Pachymeria-

261 1321 335 1362 nam
362 1303 442 1362 hanc
470 1302 627 1365 historiam
656 1324 720 1365 non
747 1321 814 1362 raro
850 1297 1035 1364 Graecorum
1066 1301 1219 1364 schismati
1246 1303 1360 1376 lavere,

261 1401 439 1464 Latinorum
464 1423 513 1464 res
546 1415 577 1466 et
600 1406 665 1466 iura
686 1402 821 1467 deterere
840 1402 1006 1484 narrando,
1036 1403 1163 1465 auctoris
1179 1423 1307 1488 pronum
1327 1404 1361 1464 in

261 1514 379 1590 partem
398 1503 570 1588 aeqrriorcm
585 1505 688 1566 multis
702 1502 803 1566 modis
823 1502 957 1568 studium
977 1502 1147 1568 ostendere.
1190 1523 1253 1566 non
1268 1523 1359 1583 nego,

261 1626 327 1667 non
346 1626 475 1686 excus03
498 1617 529 1667 et
551 1603 592 1667 ita
612 1608 736 1681 fadum,
756 1617 788 1668 et
808 1607 889 1685 large
912 1607 942 1667 in
956 1607 1017 1669 hoc
1038 1615 1196 1692 peccatum
1217 1625 1235 1665 a
1255 1615 1360 1668 nostru

262 1709 418 1770 confiteor.
447 1719 548 1770 umen
577 1706 728 1770 contendo
748 1707 854 1770 utilem
873 1709 994 1792 publico
1016 1719 1047 1770 et
1065 1707 1123 1792 ipsi
1143 1706 1307 1790 quinetiam
1326 1707 1361 1768 in

260 1811 311 1874 his
330 1812 431 1873 laesae
454 1809 572 1875 veritati
599 1823 690 1896 atque
710 1807 899 1873 orthodoxae
925 1808 998 1872 fidei
1019 1809 1184 1896 optabilem
1204 1808 1270 1870 talis
1291 1807 1360 1870 libri

260 1912 484 1992 evulgationem
505 1933 583 1974 esse.
624 1933 724 1998 neque
750 1907 790 1972 ad
815 1911 876 1972 hoc
897 1911 1099 1974 evincendum
1122 1923 1188 1972 utar
1207 1909 1359 1995 praeiudi-

259 2013 313 2076 ciis
343 2014 503 2092 ecclesiae,
531 2014 671 2076 historias
700 2009 825 2074 Eusebii
840 2009 1068 2088 cananense,
1095 2011 1196 2073 Ariani
1216 2031 1235 2071 a
1255 2013 1358 2076 multis

256 2115 369 2194 habia,
390 2112 522 2177 Socratis
542 2125 573 2176 et
594 2113 772 2187 sozomeni,
792 2114 896 2196 palam
916 2111 1171 2190 Novatianonrm3
1193 2109 1358 2196 Nicephori

256 2216 370 2282 Callisti
402 2235 422 2274 e
450 2217 536 2276 laece
558 2214 629 2275 licet
654 2211 805 2274 interdum
832 2211 996 2272 haurientis
1023 2212 1202 2290 haeresum,
1231 2222 1262 2272 et
1282 2215 1356 2278 alias

254 2328 464 2402 suspectorum
482 2313 592 2397 pariter
607 2313 804 2396 scriptorum,
824 2311 885 2391 legi
905 2311 1028 2374 sinentis
1052 2322 1082 2374 et
1101 2313 1266 2400 probantis.
1292 2315 1356 2396 aio,

255 2419 357 2487 velsi
385 2435 494 2481 omnes
522 2433 598 2500 quos
626 2414 785 2478 nominari
813 2413 1093 2493 exterminarentur,
1127 2414 1269 2502 peculiari
1296 2438 1357 2481 no-

254 2524 338 2587 mine
373 2519 516 2582 interesse
549 2515 741 2602 Apostolicae
767 2514 849 2581 sedis
878 2527 909 2578 et
940 2514 1099 2579 Romanae
1131 2520 1355 2585 communionis

253 2628 434 2699 universae,
460 2618 568 2684 subiici
598 2619 693 2681 oculis
719 2628 751 2681 et
776 2619 834 2681 teri
861 2617 1000 2681 manibus
1022 2630 1195 2683 cunctorum
1215 2621 1276 2683 hoc
1294 2619 1357 2685 Pa-

255 2726 405 2810 chymeris
425 2742 512 2807 opus,
532 2719 677 2805 quoniam
696 2722 730 2782 in
750 2741 789 2783 eo
805 2721 915 2783 sanitas
935 2718 1087 2783 doctrinae
1109 2720 1147 2785 de
1160 2724 1355 2809 processione

255 2830 383 2916 Spiritus
412 2822 515 2889 Sancti
541 2843 581 2883 ex
606 2834 692 2907 patre
717 2822 857 2907 filioque,
889 2820 928 2883 de
955 2821 1085 2905 primatu
1109 2820 1210 2909 Papae
1230 2835 1261 2887 et
1287 2826 1354 2889 iure

255 2927 478 3018 provocationis
498 2922 539 2986 ad
558 2922 730 2987 Romanam
750 2924 858 2988 sedem
878 2946 918 2987 ex
936 2944 1126 3009 quocumque
1141 2926 1354 3013 patriarchatu5

256 3035 373 3097 sincera
404 3030 511 3091 caritas
549 3038 580 3089 et
605 3046 678 3090 uera
710 3028 908 3090 muctimonia
936 3023 1072 3107 Gregorii
1100 3027 1135 3091 X
1166 3029 1353 3115 chorumque

254 3133 465 3198 Romanorum
483 3150 541 3214 per
566 3148 603 3189 ca
629 3141 766 3215 tempora
786 3130 977 3215 pontificum3
1008 3126 1130 3193 Ioannis
1151 3130 1245 3193 Vacci
1266 3130 1352 3195 Con-

252 3232 512 3317 stantinopolitani
543 3232 753 3315 patriarchae,
791 3241 891 3317 partes
926 3232 1102 3295 Latinomm
1130 3233 1351 3297 studiosissime

254 3336 406 3421 amplexi,
439 3333 680 3397 constantissime
702 3334 791 3412 tuiti,
823 3331 951 3395 eruditio
977 3335 1131 3411 maxima,
1163 3337 1350 3399 liberrimum
1425 3382 1431 3393 .

254 3439 397 3521 idemque
425 3434 716 3522 perspicacissimum
735 3436 910 3516 ingenium,
939 3436 1084 3499 veracitas
1103 3436 1266 3523 intrepida,
1286 3438 1350 3500 rita

251 3541 424 3625 inculpata,
447 3559 550 3601 mores
569 3539 683 3617 nani,
704 3536 815 3601 diuinis
836 3538 927 3599 etiam
947 3536 1189 3603 illustrationibus
1220 3540 1348 3625 probati,

251 3645 353 3727 palam
383 3640 601 3726 magnificeque
627 3638 850 3728 praedicantur,
878 3640 971 3727 idque
991 3642 1029 3703 ab
1055 3644 1172 3705 oculato
1203 3653 1294 3718 teste,
1317 3654 1348 3704 et

253 3742 335 3827 quod
356 3756 445 3828 caput
467 3756 533 3820 est,
566 3738 661 3807 domo
681 3741 906 3806 adversantium
929 3742 1095 3826 producto,
1116 3746 1243 3828 ipsoque
1263 3742 1347 3805 lraud

251 3842 474 3908 dissimulanter
493 3846 671 3911 aduersariis
691 3844 849 3921 studente,
870 3857 903 3907 ut
925 3844 1008 3931 quod
1030 3843 1100 3905 dicit
1120 3844 1208 3906 nobis
1230 3846 1347 3918 sarens,

250 3967 427 4031 expressum
447 3948 598 4013 evidentia
617 3946 770 4023 veribus,
790 3945 873 4032 quod
894 3946 1073 4009 contrarium
1093 3944 1251 4022 immiscet,
1271 3942 1346 4006 edu-

250 4048 376 4113 cationis
397 4050 473 4112 citio
493 4053 648 4131 inolitum,
668 4051 865 4122 subornatum
882 4048 1064 4126 adulatione,
1085 4048 1251 4110 ambitiosis
1275 4066 1346 4131 spe-

250 4150 328 4229 bus,
350 4152 490 4215 ohnoxiis
510 4173 529 4216 a
548 4155 581 4219 ri
601 4153 755 4235 tyrannica
773 4152 933 4215 timoribus
954 4160 1054 4216 contra
1076 4149 1169 4211 officii
1190 4147 1346 4211 consuen-

249 4249 325 4314 tiam
354 4265 525 4331 extortum,
551 4258 660 4319 merito
684 4254 794 4320 debeat
818 4251 952 4335 intelligi.
994 4252 1092 4315 ausim
1113 4248 1229 4315 dicere:
1249 4248 1277 4313 si
1297 4257 1346 4309 to·
