3125 4900
367 232 441 309 542
668 234 903 319 OBSERVAT.
927 234 1171 316 PACHYMER.

449 397 675 483 ’Atfiuvirus
694 424 726 483 p·
739 401 802 469 567
816 420 846 467 v,
861 406 910 469 18.
950 402 1013 481 egit
1026 402 1065 463 de
1079 401 1195 463 vicinis
1209 401 1405 484 Dyrrhachio
1418 428 1463 486 po·

263 558 274 575 Ι,
288 552 303 581 u
351 489 464 574 ¹pulis,
484 498 538 547 sut
562 487 664 567 potius
685 486 865 579 suburbanis
881 487 1016 550 rusticis.
1057 487 1257 549 Albanorum
1275 491 1462 568 regiouuniu

245 578 266 655 ᾗ.
340 574 539 638 antecedente
559 574 748 633 Ptolomaeus
765 572 909 652 agnoscit.
950 593 1042 653 porro
1065 575 1197 652 entique
1218 574 1399 647 Macedonis
1419 599 1462 656 po·

295 726 303 749 ,
366 659 483 720 stremis
497 657 580 720 hisce
590 658 750 719 Orientalis
762 656 880 738 imperii
891 657 1071 728 senescentis
1087 659 1289 738 temporibus
1307 659 1343 719 in
1354 672 1462 738 quatuor

366 745 462 805 divise
488 753 587 823 portes
614 744 749 824 priscum
775 763 885 806 nomen
903 744 937 802 in
957 744 1022 804 sole
1046 744 1278 807 mediterranea
1306 746 1460 809 retinuerat.

365 851 436 911 pers
458 848 531 889 vero
555 828 618 888 eins
642 827 769 889 confinis
793 829 956 898 Delmstiee
979 840 1010 889 et
1026 828 1151 907 illyrico
1174 829 1459 905 Albenieiemtnnr„

363 916 412 974 nti
427 924 456 973 et
465 914 569 989 hodie,
591 914 812 993 eppellsbetnr;
835 914 888 973 nbi
900 923 963 973 eret
975 912 1235 993 Dyrrhachiensis
1250 906 1381 990 civitas,
1392 917 1457 975 euin

367 1020 454 1059 cesus
469 1009 567 1059 terres
582 1008 666 1059 motu
681 1018 799 1059 erersse
814 997 865 1057 hic
879 1008 1071 1063 memoretur.
1113 1019 1155 1059 ex
1171 1000 1311 1059 Albanis
1321 1021 1408 1081 porro
1419 1022 1457 1061 re·

364 1093 412 1145 cte
428 1085 537 1163 gentile
552 1104 661 1145 nomen
674 1085 822 1143 formatur
834 1083 998 1144 Albauitee.

448 1164 660 1251 ἆμηραλῆς
686 1190 718 1249 p.
732 1171 794 1235 508
813 1188 844 1233 v,
861 1172 910 1233 10.
952 1168 1076 1230 videtur
1098 1188 1260 1251 usurpare
1275 1164 1412 1250 ἆμηραλη·
1428 1179 1454 1227 ot

337 1326 338 1329 Ἴ
363 1254 521 1334 proprium
544 1254 603 1314 viri
623 1274 750 1330 nomen,
774 1264 1006 1332 quemquamst
1026 1255 1122 1315 videri
1138 1255 1244 1336 possit
1259 1255 1453 1335 appellativum

363 1340 547 1399 vocobulum
568 1338 737 1416 dignitatis,
759 1340 944 1417 praetectum
966 1340 1056 1399 meris
1076 1339 1242 1413 indicuns;
1265 1342 1351 1399 cuius
1365 1349 1453 1399 etnu-

363 1424 455 1482 tienis
468 1432 499 1483 et
512 1425 594 1483 vocis
609 1443 696 1483 usum
716 1423 788 1483 setis
805 1424 951 1485 celebrem
967 1424 1048 1505 epud
1061 1424 1117 1485 hos
1129 1427 1306 1506 scriptores
1324 1425 1451 1502 Neogrse·

366 1528 418 1569 coe
432 1508 529 1587 quivis
541 1509 573 1567 in
590 1509 627 1569 iis
642 1520 777 1569 versatus
791 1510 888 1584 novit,
906 1518 935 1568 et
951 1510 1039 1569 docet
1054 1511 1210 1571 Meursins
1226 1510 1323 1571 verbo
1333 1503 1449 1586 Ἀμηρᾶ·

364 1597 430 1665 teor
444 1603 473 1652 et
485 1588 632 1673 Ἀμηρᾶς.
675 1614 729 1672 ego
743 1595 808 1654 sine
820 1594 1005 1674 pracindicio
1019 1614 1083 1655 rem
1094 1595 1252 1674 integrum
1263 1596 1298 1653 in
1312 1594 1401 1653 medio
1410 1612 1449 1649 re·

363 1676 486 1756 linquo,
507 1680 678 1759 exprimens
697 1680 730 1737 in
751 1680 888 1741 versione
907 1678 1021 1739 Letinis
1039 1680 1133 1741 literis
1156 1699 1227 1740 eum
1242 1674 1338 1759 ipsein
1351 1696 1445 1747 vocem,

365 1782 455 1841 quem
475 1763 571 1825 lector
594 1784 652 1845 pro
673 1784 728 1823 suc
749 1764 872 1826 arbitrio
885 1765 937 1826 vsi
946 1764 1069 1847 proprie
1085 1766 1133 1826 vel
1149 1764 1341 1847 appellative
1352 1779 1446 1823 eumue

389 1847 487 1908 oter'it.

364 1868 385 1928 P
452 1927 717 2013 ἀναδέχεσθαι
744 1931 798 1997 seui
825 1927 999 2039 nsaiwi
1025 1933 1142 2014 peso
1166 1954 1200 2001 v,
1226 1934 1276 2001 14.
1316 1931 1371 1992 1¹⁰0
1390 1930 1442 1987 ¹⁰0⁰

262 2021 351 2076 Peos
369 2018 441 2081 duas
474 2019 543 2079 illus
576 2038 665 2079 voces
698 2014 852 2100 ἆναδοχῆς
884 2029 915 2080 et
949 2019 1121 2099 αναδέχοιτο
1156 2018 1309 2101 peculiari
1339 2016 1441 2095 quedem

359 2105 506 2183 *nsurpnri
527 2104 722 2165 ecclesiastice
740 2105 881 2179 notione,
904 2104 991 2165 iscile
1006 2105 1150 2165 attentius
1168 2106 1273 2165 omnis
1287 2097 1439 2176 circumspi-

366 2190 457 2249 cienti
472 2198 561 2267 petet.
576 2202 580 2221 ¹
607 2190 729 2249 videtur
743 2199 840 2249 entem
853 2190 936 2270 prins
952 2190 1133 2250 vocabulum
1151 2183 1308 2269 α’ναδοχῆς
1318 2188 1348 2246 iu
1362 2205 1390 2243 ee
1402 2182 1438 2240 hic

363 2274 534 2350 significstu
552 2273 641 2351 poni,
663 2282 699 2332 nt
720 2274 835 2334 indicet
856 2274 1072 2334 absolutionem
1090 2274 1336 2334 sscrsmeuteiern
1352 2272 1382 2328 in
1393 2264 1437 2325 tri-

361 2357 467 2417 bnneli
485 2358 679 2417 confessionis
693 2377 818 2417 erronee
836 2358 983 2438 impertiri
998 2359 1225 2439 poenitentibus
1245 2358 1360 2418 solitum
1374 2370 1436 2410 sss·

361 2443 482 2502 cerdote
501 2441 738 2503 iurisdictionem
762 2444 800 2502 ed
823 2443 856 2504 id
879 2444 1061 2504 ordinarium
1076 2445 1127 2505 uel
1143 2444 1307 2524 delegatum
1323 2438 1433 2500 tatem

358 2529 499 2588 similiter
517 2527 640 2586 verbum
656 2521 857 2608 ἀναδέχεσθαι
869 2529 1012 2608 exprimit
1024 2531 1174 2590 actionem
1188 2531 1286 2611 ipssm
1298 2518 1434 2587 secerdotit

359 2611 551 2676 sbsolventis.
597 2613 731 2672 continet
752 2623 850 2674 eutem
869 2615 1019 2694 posterior
1040 2635 1110 2695 pers
1126 2614 1220 2677 huius
1233 2609 1431 2676 sententisers-

361 2698 473 2759 tionem
505 2697 629 2776 prioris:
661 2698 728 2758 ideo
749 2699 828 2758 enim
849 2699 954 2760 scribit
972 2710 1077 2760 unctor
1095 2701 1281 2781 increpitum
1301 2689 1431 2769 iosephssm

361 2784 447 2861 qnasi
471 2783 689 2854 ebsolrissetin
706 2785 771 2844 foro
788 2785 986 2846 conscientiae
1002 2787 1175 2863 Augustum
1195 2793 1298 2844 contre
1318 2778 1429 2837 volunte-

361 2877 422 2928 tem
446 2868 649 2948 patriarchum
680 2869 761 2947 quod
784 2880 941 2949 postquem
962 2873 1278 2944 excommnuicsverst
1292 2865 1428 2942 Augustum

360 2953 551 3033 patriarche,
571 2954 714 3017 vetuisset
732 2955 906 3014 nominatim
921 2975 960 3015 ne
974 2957 1064 3016 etiem
1081 2955 1146 3014 eins
1162 2951 1354 3016 confessarius
1366 2943 1428 3002 1⁰⁶²·

360 3037 440 3117 phus
464 3038 562 3117 ipsum
584 3059 693 3098 ercsno
715 3039 907 3100 confitentem
930 3040 1071 3121 deinceps
1084 3041 1203 3101 audiret
1218 3030 1425 3099 sutabsotvuet

361 3121 396 3180 in
416 3131 516 3181 tumen
537 3123 594 3181 sibi
616 3122 706 3184 fnisse
724 3123 909 3205 prohibitum
927 3125 1220 3206 uegsbstlosephus.
1261 3112 1424 3205 mussent!

363 3205 577 3278 dissimulando
594 3209 763 3286 permisisse
783 3208 982 3289 patriercham
1001 3221 1036 3270 ut
1055 3212 1227 3288 Augustus,
1249 3207 1376 3266 licetsse
1389 3211 1423 3250 ¹⁰·

362 3291 509 3351 terdictns
531 3293 638 3362 esuris,
660 3293 758 3372 alique
779 3303 880 3354 temen
898 3296 1127 3374 participatione
1137 3313 1290 3354 sacrorum
1301 3289 1422 3347 uterum

363 3383 401 3434 ut
415 3374 555 3435 distincte
567 3376 759 3458 Pechymeres
774 3381 884 3456 refert,
903 3378 1179 3460 inconsequentiam
1199 3378 1260 3438 eius
1274 3371 1339 3434 {neti
1349 3378 1421 3462 §⁶⁰⁶

361 3480 446 3536 tant,
469 3461 490 3522 l·
510 3463 529 3525 8
546 3481 572 3520 c·
590 3461 639 3526 14.
683 3483 775 3540 quere
795 3464 859 3525 fieri
873 3466 974 3544 potuit
986 3476 1022 3526 ut
1039 3475 1070 3525 et
1085 3466 1117 3524 iu
1129 3457 1320 3540 relinquendo
1330 3452 1420 3512 ithus

361 3545 458 3606 libero
471 3545 664 3605 confessionis
682 3568 806 3608 ercense
821 3549 1011 3626 conniveret,
1031 3571 1092 3610 non
1105 3543 1307 3610 interdicendo
1317 3527 1418 3626 ioseph?

361 3632 425 3692 eins
438 3631 620 3693 coniesserio
632 3651 669 3690 ne
683 3630 744 3710 ipsi
760 3635 958 3711 poeniteutiae
974 3646 1194 3703 secrementum
1207 3626 1340 3714 privatim
1350 3629 1418 3676 mlffl·

359 3725 479 3778 streret.
518 3716 588 3776 vide
599 3735 680 3794 ‚ques
692 3727 868 3779 annotemus
881 3719 973 3780 verbo
987 3714 1198 3799 πνευματικός.

377 3847 381 3856 .
444 3795 682 3903 ἆναφορᾶθρ.
698 3804 761 3868 375
782 3824 812 3864 ν.
827 3808 856 3870 8.
899 3798 1044 3887 ἆναφοροῖ
1062 3804 1113 3865 hic
1134 3811 1221 3866 sonet
1235 3789 1414 3886 proleffffl’

357 3893 395 3942 ut
411 3887 483 3945 stibi
506 3909 656 3968 προφορα.
700 3897 806 3947 uotum
828 3889 906 3949 enim
924 3889 1110 3970 προφορικόν
1122 3887 1210 3972 λόγον
1221 3896 1324 3963 ⁰PP⁰¹¹¹
1337 3866 1415 3931 W

357 3966 438 4052 θὲτῳ
454 3973 535 4050 opud
552 3973 700 4048 Graecos,
720 3981 754 4033 nt
768 3974 849 4053 spnd
864 3975 984 4033 Latinos
997 3977 1161 4056 opponitur
1175 3988 1267 4030 sermo
1279 3975 1343 4021 V⁰⁰⁸
1355 3963 1410 4029 ΡΨ

357 4051 437 4113 letus
464 4065 562 4115 mente
588 4067 747 4134 concepto.
790 4058 892 4147 videri
909 4061 996 4120 etism
1017 4070 1116 4139 potest
1138 4054 1336 4144 adhibitum
1354 4041 1411 4111 ‘im‘

356 4147 483 4216 propter
503 4143 750 4220 compositionem
769 4151 808 4202 'ex
828 4145 1049 4224 prsepositione
1071 4139 1148 4219 oivei,
1168 4135 1356 4220 reptfi¹¹⁰¹¹wi
1370 4128 1414 4174 ἠ’

357 4224 592 4304 resumptionem
611 4225 810 4311 significante,
829 4229 968 4305 innueret
981 4231 1069 4303 istem
1079 4219 1337 4315 pronussfitfimm
1347 4205 1408 4261 ’ΠΜ
