3125 4900
591 313 835 386 PRAEFATIO.
1226 349 1262 394 n

158 485 245 569 reg’u
275 479 527 551 (bdelimhaitni
555 479 729 563 Patiaieaai,
754 481 837 548 unde
857 503 928 550 meo
947 495 1053 568 rogatu
1073 483 1113 550 R.
1133 485 1168 551 Ρ.
1190 487 1263 552 rat.

156 593 263 678 lippus
289 589 415 664 labbe,
446 583 533 672 quod
559 583 642 672 opua'
661 596 726 650 ent
748 588 898 650 ambabus
917 588 1031 652 benna
1051 589 1263 678 ooeequand'a,
1368 578 1377 596 “

156 693 325 776 affigam
345 687 501 774 malpel
519 695 552 750 et
569 686 661 752 nisit

245 826 308 893 Vl.
346 821 603 911 luterpmtationia
621 842 685 884 non
705 820 794 886 anxie
815 817 970 901 addictae,
999 821 1054 888 aed
1075 835 1105 888 at
1125 825 1155 888 in
1175 849 1265 914 para-

157 930 302 1021 phrasim
321 924 482 1013 aliqnando
504 921 698 988 redundantia
717 925 794 988 baec
815 924 972 1014 peculiaria
992 927 1144 990 mentatio
1166 929 1264 992 entia
1361 991 1370 1014 ,

160 1037 231 1098 hoe
257 1031 409 1103 omium,
447 1027 500 1114 qui
527 1022 644 1091 Graece
669 1025 809 1090 historiae
839 1025 1014 1108 ediderunt,
1049 1028 1263 1094 obeoaiaalmo

165 1135 317 1222 eoiptore.
357 1134 509 1195 tectum
527 1129 580 1192 alii
601 1123 716 1192 Graece
734 1127 846 1210 edunt,
871 1130 922 1194 alii
943 1129 1043 1216 (quae
1062 1129 1161 1194 maior
1177 1133 1263 1194 turba

165 1239 231 1318 eat)
249 1259 316 1301 non
334 1233 419 1298 item.
459 1243 637 1296 neutrorum
652 1231 914 1296 accommodatam
933 1230 1098 1296 rationibus
1119 1235 1264 1320 putabam

164 1338 338 1403 vasionen
357 1337 532 1424 mapulam
549 1331 705 1414 sedulam,
724 1335 940 1400 balbutientem
962 1346 993 1399 et
1012 1333 1163 1410 illautam,
1185 1352 1262 1420 quae

160 1439 263 1503 ieiuna
296 1437 468 1524 squalidis,
502 1436 638 1500 intrioata
670 1437 836 1524 perplexio,
870 1436 1011 1520 ambigua
1043 1437 1262 1500 confusionibua

160 1551 300 1604 mutaret.
343 1560 416 1604 nam
437 1537 553 1604 Graece
572 1535 696 1624 quidem
716 1536 816 1618 docti,
836 1539 864 1604 ai
884 1540 969 1626 queit
989 1537 1100 1626 cupido
1121 1539 1192 1604 insit
1212 1540 1261 1602 ln.

160 1641 268 1708 dolem
287 1639 435 1705 noscendi
457 1637 713 1720 Pacbymeriauae
734 1637 889 1720 dictionia,
921 1643 1013 1726 longe
1038 1639 1071 1706 ld
1096 1630 1261 1728 autequan-

157 1756 209 1808 tur
227 1744 346 1808 facilius
365 1741 483 1807 Graeco
505 1741 574 1828 ipso
595 1752 733 1805 contextu
753 1743 888 1830 protinue
908 1741 1052 1824 visendo,
1073 1765 1165 1832 quarn
1180 1747 1260 1809 male

158 1857 242 1909 terso
269 1841 418 1908 intuendo
447 1845 531 1906 velut
556 1841 689 1930 quodam
714 1847 840 1933 apeeulo
868 1845 1122 1934 interpretamenti
1143 1845 1260 1932 aesqui-

158 1947 303 2022 barbari,
325 1946 504 2008 latinitatem
521 1944 732 2010 invitiaaimam
751 1969 807 2032 per
828 1948 930 2010 omnia
952 1947 1107 2028 graeciami
1134 1949 1259 2028 vestigia

161 2047 318 2108 lutulento
342 2047 462 2107 annito
486 2049 630 2131 rapnntis.
672 2060 859 2112 caeterorum
881 2048 932 2134 qui
953 2069 1012 2111 uua
1038 2050 1107 2112 freti
1135 2049 1261 2112 Latinae

159 2145 287 2226 linguae
308 2145 418 2230 peritia
442 2146 595 2210 historiam
614 2150 695 2212 banc
715 2147 748 2210 in
772 2168 882 2213 manua
908 2159 1045 2224 sument,
1068 2148 1263 2214 manifestum

158 2259 206 2311 eat
224 2269 290 2310 non
311 2245 346 2308 id
366 2259 473 2312 uotum
490 2261 543 2313 aut
558 2248 740 2314 deatinatum
759 2271 844 2330 eoae,
865 2249 999 2314 noctium
1023 2258 1054 2311 et
1074 2247 1262 2332 labyrintho-

161 2371 230 2412 rum
257 2349 427 2430 ambagioai
452 2351 556 2437 scripti
576 2351 816 2438 experimentum
842 2373 985 2439 praesens
1007 2372 1128 2438 capere,
1159 2353 1260 2440 potina

157 2473 252 2538 quam
277 2450 474 2517 absconditae
504 2452 702 2541 deloaaaequa
721 2454 782 2517 illic
803 2453 876 2519 lldei
896 2466 1046 2537 gestarum
1066 2474 1139 2519 vere
1158 2476 1261 2521 rerum

155 2552 274 2639 liquido
293 2551 456 2641 lucidoque
474 2556 649 2621 teotimonio
666 2556 777 2621 doceri.
818 2555 920 2621 atudui
939 2579 1029 2638 ergo,
1049 2578 1111 2643 quo
1132 2559 1181 2623 hie
1202 2560 1261 2623 ob-

157 2652 375 2733 secundam,
402 2656 580 2741 indagatum
606 2680 718 2741 magno
745 2662 923 2748 plerumque
945 2662 1049 2723 labore
1075 2684 1147 2726 meo
1168 2663 1259 2729 huiua

158 2757 314 2845 scriptoris
330 2778 454 2823 aeneum
474 2780 566 2847 quam
587 2762 748 2826 clariaaune
767 2782 946 2850 proponere,
967 2760 1116 2849 adeoque,
1136 2765 1188 2829 ubi
1209 2786 1258 2831 ree

159 2872 312 2945 posceret,
337 2858 474 2925 distincta
496 2883 514 2925 e
537 2863 683 2946 confusia,
704 2886 744 2927 ex
763 2864 892 2931 horridis
908 2864 1019 2949 nitida,
1040 2869 1129 2949 plana
1149 2890 1168 2931 e
1187 2889 1256 2955 pra-

159 2965 223 3045 vis,
241 2978 345 3053 operta
364 2986 405 3030 ex
425 2962 629 3045 aenigmaticis
649 2964 786 3034 reddere.

246 3084 319 3149 Vll.
358 3084 455 3149 Erunt
478 3096 582 3149 tamn
610 3084 714 3167 (acio)
741 3087 849 3173 quibua
879 3108 936 3151 uec
962 3088 1076 3148 lactum
1104 3108 1161 3149 neo
1184 3086 1256 3151 sacti

158 3183 302 3249 defemio
320 3188 505 3275 probabitur.
545 3188 579 3249 bi
606 3209 681 3252 aero
707 3191 759 3254 vel
787 3189 961 3253 ostraciamo
988 3208 1056 3267 me,
1088 3188 1172 3269 licet,
1198 3211 1255 3253 ex·

157 3288 340 3369 terminent,
364 3289 462 3353 modo
488 3300 583 3353 tautae
610 3310 731 3354 causam
757 3290 943 3356 adscribantt
967 3290 1200 3378 proscriptum
1222 3304 1255 3359 le

157 3390 325 3469 volumnia,
347 3391 437 3479 quod
456 3390 791 3457 teraedriooaisaimum
812 3392 1010 3479 aot-iptorum
1024 3392 1143 3482 primo
1158 3416 1257 3481 oupe-

159 3504 214 3557 otu
233 3493 485 3582 intelligibilem
495 3494 633 3576 focaria.
672 3492 730 3560 aed
748 3496 876 3561 meliora
893 3494 1068 3561 Venusinua
1088 3507 1256 3578 aufferatur,

158 3616 177 3657 a
197 3594 321 3661 &verae
340 3618 521 3683 responaens

322 3698 494 3763 solventur
514 3699 584 3763 rim
603 3695 758 3777 tabulae,
779 3708 813 3763 tu
835 3698 956 3765 miroua
976 3696 1093 3765 odilia.

158 3798 318 3864 enimvero
338 3804 366 3865 ai
385 3814 523 3865 mentem
550 3802 650 3886 scripti
672 3824 736 3864 non
757 3804 936 3888 assequitur,
964 3802 992 3867 ai
1013 3800 1129 3882 affingit
1150 3798 1256 3885 aliena,

157 3902 185 3963 ai
211 3924 277 3965 non
304 3916 507 3989 repraeaentat
534 3902 678 3990 quidquid
704 3907 824 3983 aubest,
857 3904 921 3967 iure
948 3906 1071 3993 vapulet
1098 3904 1257 3991 interpret:

158 4001 258 4067 donee
278 4004 404 4091 quidem
424 3996 546 4071 lotenlia
565 4003 719 4094 producit,
745 4006 880 4071 involuta
907 4008 1015 4083 exerit,
1045 4008 1150 4071 obruta
1173 4010 1258 4089 eruit,

158 4102 237 4169 dum
255 4111 412 4190 nucleum,
440 4132 565 4175 nuceum
583 4110 740 4189 intimum,
768 4131 885 4173 meram
907 4109 1072 4173 medullam
1092 4114 1257 4177 sententiae

156 4208 314 4272 abatrttsae
340 4212 436 4276 fracto
467 4225 630 4277 extractam
661 4213 779 4290 corfid,
814 4214 897 4275 velut
917 4214 976 4275 cibi
997 4214 1073 4278 cocti
1094 4228 1124 4279 et
1145 4212 1257 4278 conditi

155 4320 297 4392 paratum
328 4313 439 4394 legenti
465 4316 613 4379 ferculum
640 4315 781 4403 apponit,
811 4314 912 4379 uiuam
937 4317 985 4381 isti
1009 4320 1125 4384 morosi
1150 4316 1255 4383 servin
