3125 4900
455 278 536 347 uo.
550 278 578 349 1.
610 276 888 353 Glosseffltnt
1150 283 1227 359 577

127 446 228 509 ίαίιισ.
268 442 320 505 illa
332 462 426 525 porro
438 444 547 507 verba:
566 448 662 511 ταῦτα
674 441 732 531 yda
744 436 826 527 ἦσαν
838 443 874 511 ου’
885 438 997 525 πάλαι,
1017 448 1161 515 τίσουσιν
1171 474 1227 518 re-

38 582 40 595 .
128 534 243 613 spicere
271 531 380 591 testum
403 531 593 611 scenopegiae
618 540 672 593 aut
692 532 954 595 tabernaculorum
974 555 994 594 a
1012 534 1129 599 ludaeis
1153 540 1226 603 olim

127 614 274 677 celebrari
297 616 420 679 solitum
437 616 470 675 in
490 617 662 678 memoriam
684 618 763 679 vitas
785 620 955 699 apatribus
977 620 1010 680 in
1028 622 1229 689 tabernaculis

38 724 39 775 j
127 711 300 765 transactae
314 702 864 783 perannosqnadrapintaindeserto.
890 706 1060 769 etsisntem
1070 709 1228 791 Scriptura

45 826 49 858 z
130 790 183 849 ubi
201 786 262 847 hoo
279 789 390 849 tostum
407 788 598 867 praescribit,
617 788 786 849 meminerit
795 800 914 850 tantum
926 791 1037 851 dimrta
1046 794 1230 857 tabernacu-

130 874 232 935 lorum
249 882 417 935 erectorum
436 882 523 935 extra
541 874 663 951 domos,
683 874 757 935 estis
778 884 880 935 tamen
897 896 1029 956 pronum
1047 881 1166 943 creditas
1182 892 1231 944 est

46 1019 47 1027 ,
131 958 267 1021 adhibita
287 960 327 1021 ad
348 958 431 1019 hunc
449 978 540 1019 nrum
557 960 691 1040 plaustra
710 960 802 1021 ramis
815 962 981 1024 virentibus
996 983 1124 1043 superne
1139 977 1231 1046 esces,

46 1108 48 1113 ,
131 1056 164 1105 et
181 1055 299 1105 cartam
319 1044 477 1125 splendore
490 1046 566 1107 varii
580 1054 705 1107 ornatus
719 1046 842 1125 agrestis
854 1048 1024 1109 festivitatis
1036 1048 1169 1115 laetitiae
1178 1074 1231 1115 ce·

38 1149 39 1157 ³
130 1130 294 1193 lebrandae
308 1130 545 1208 accommodata,
566 1150 643 1210 quae
654 1130 705 1193 hio
718 1142 821 1193 noster
833 1135 983 1213 λαμπίνας
997 1145 1096 1197 vocat.

216 1237 472 1317 λειτουργεῖν
493 1252 523 1315 p.
544 1232 608 1299 574
627 1252 658 1293 v.
682 1234 731 1297 17.
773 1231 835 1293 hoc
851 1232 918 1305 loeo
934 1252 984 1297 rea
1001 1238 1064 1319 ipsa
1083 1241 1176 1321 exigit
1192 1250 1233 1304 nt

130 1314 168 1385 ed
180 1322 360 1403 λειτουργεῖν
375 1338 438 1378 non
453 1319 626 1399 simpliciter
641 1328 727 1379 sonet
740 1320 859 1379 mnsam
873 1322 936 1382 sive
950 1341 1066 1385 samam
1080 1326 1232 1406 liturgiam

133 1405 299 1479 celebrare,
328 1404 381 1464 sad
403 1404 436 1464 id
459 1404 556 1465 tacere
577 1404 665 1465 simul
686 1422 753 1463 cnm
776 1404 902 1482 Latinis,
925 1407 962 1467 iis
980 1428 1043 1470 nna
1063 1414 1233 1472 communi-

40 1496 47 1551 ζ·
131 1490 246 1567 cando;
281 1489 313 1548 in
340 1508 400 1569 quo
426 1494 492 1551 erat
520 1490 577 1550 sita
605 1488 771 1550 schismatis
797 1492 925 1551 amotio:
953 1511 1024 1554 nam
1053 1494 1233 1558 σολοίιωοῑίαί

133 1576 241 1637 Gracci
265 1576 386 1635 latinos
407 1585 445 1637 ut
463 1576 736 1637 excommuniestos
755 1586 788 1637 at
806 1575 973 1639 haemticos
991 1582 1025 1639 in
1046 1586 1232 1645 consortium

38 1692 44 1699 ι
133 1680 287 1725 sacrorum
301 1659 458 1723 admittere
469 1660 655 1723 recusabant.

219 1762 341 1837 λίπας
361 1782 390 1843 p.
402 1763 465 1829 385
483 1780 513 1823 ν.
528 1766 578 1831 10.
621 1760 664 1839 οίς
677 1760 767 1838 λίπος
779 1758 898 1846 πίνρας.
938 1774 1028 1826 vetas
1039 1768 1234 1847 proverbium

135 1870 173 1911 ex
184 1848 383 1931 Aristophane
395 1848 426 1907 in
440 1846 549 1925 Pluto,
567 1846 620 1909 ubi
637 1848 829 1931 Chremylnm
845 1852 889 1911 sic
905 1848 1078 1931 loquentem
1090 1854 1163 1915 facit
1176 1855 1233 1915 sub

135 1936 225 1996 tinem
1002 1958 1009 1968 ·

38 2040 42 2063 ι
134 2036 137 2043 ’
300 2012 344 2093 σίς
361 2004 507 2094 siedron,
532 2006 558 2079 ol
575 2020 638 2081 Zni
653 2016 779 2101 βασιλεῦ
786 2064 795 2095 ,
810 2014 845 2083 td
858 2013 986 2105 γρᾴδιον

301 2098 400 2182 ὥσπερ
418 2102 510 2177 λίπος
524 2106 569 2187 τῷ
585 2106 729 2191 μειρακίῳ
743 2106 942 2185 προσίσχεται

137 2188 177 2250 ad
198 2206 285 2269 quem
304 2188 404 2248 locum
427 2189 469 2247 sic
491 2197 617 2248 annotat
640 2197 728 2251 vetus
750 2187 935 2250 scholiastes:
963 2188 1057 2265 λίπος
1075 2184 1237 2274 κογχύλιον

38 2302 44 2335 ι
137 2271 282 2355 λαιζάυου
299 2280 366 2349 ταῖς
383 2272 504 2356 πέτραις
524 2264 574 2337 ὅτ’
588 2268 693 2351 ου’ταῖς
711 2271 956 2357 προσπήγνυται,
978 2274 1238 2352 δυσαποσπάστως

40 2386 45 2421 z
138 2361 222 2441 ἔχου,
244 2354 367 2422 ἐπειδάν
389 2382 436 2433 τις
458 2354 554 2422 edroi
576 2361 743 2441 βουληθείη
763 2363 876 2440 λαβεῖν.
918 2359 1025 2420 similia
1043 2361 1125 2421 idem
1147 2362 1237 2422 docet

138 2448 179 2508 ad
192 2465 313 2548 τετιμιμ
327 2443 410 2505 huno
423 2442 514 2506 alium
527 2444 659 2508 eiusdem
671 2445 879 2528 Aristophanis
893 2446 927 2510 in
941 2444 1054 2530 vespis,
1073 2467 1137 2509 non
1148 2446 1237 2530 longe

138 2551 157 2593 a
242 2551 269 2592 cr
301 2551 318 2591 o

38 2631 40 2664 t
172 2551 242 2616 pm
268 2553 328 2614 ΡΙ,
465 2609 672 2698 προκαθεύδει
682 2607 750 2696 sepsi
765 2609 849 2678 ποίου

301 2692 404 2784 ὅσπερ
417 2697 510 2776 λίπος
523 2695 738 2783 προσεχόμενος
750 2704 795 2782 τῷ
808 2701 898 2763 ιιίονι.

137 2786 218 2849 idern
230 2783 281 2846 alil
292 2788 452 2867 scriptores
466 2787 602 2846 tradunt.
644 2783 781 2864 Iepadrm
793 2780 873 2844 hanc
885 2777 1029 2844 concham
1041 2781 1165 2844 Plautus
1176 2781 1239 2844 bs-

137 2875 202 2933 tine
216 2881 305 2932 vocat
316 2891 378 2932 non
390 2870 487 2931 semel.
529 2871 640 2930 Plinius
654 2878 752 2929 tamen
766 2867 888 2930 videtur
901 2868 1064 2928 buccinum
1080 2869 1237 2949 appellare.
1254 2837 1279 2884 ·

137 2959 192 3020 nbi
205 2957 283 3016 enim
298 2957 318 3018 l.
334 2961 354 3023 9
372 2974 398 3017 o.
409 2961 451 3022 86
472 2955 636 3016 buccinum
651 2955 729 3015 dixit
742 2971 804 3015 esse
818 2957 963 3014 minorem
977 2953 1121 3012 concham
1134 2954 1180 3012 od
1191 2957 1239 3013 si-

38 3091 39 3116 ;
138 3041 346 3104 militudinem
365 3043 429 3101 eius
442 3041 567 3101 buccins'
580 3062 642 3122 quo
658 3061 754 3101 annue
771 3037 890 3117 editur,
912 3036 994 3100 unde
1007 3049 1052 3097 eet
1066 3059 1166 3099 onuec
1179 3061 1240 3098 no·

38 3179 39 3188 ,
139 3133 219 3190 mini
226 3174 234 3205 ,
258 3129 348 3208 paulo
366 3133 435 3208 post
456 3127 555 3188 addit:
577 3127 738 3188 buccinum
750 3128 876 3188 nonnisi
882 3127 982 3207 petria
992 3123 1154 3200 αιίλαπιι,
1175 3128 1239 3185 cir·

138 3236 237 3298 caque
251 3213 392 3293 scopulos
406 3213 520 3294 legitur
534 3209 582 3295 *)·

226 3316 441 3398 μακαρίτης
468 3317 701 3395 p·282V.16·
744 3309 778 3378 in
798 3305 955 3394 Γερμᾶνου
978 3312 1037 3375 eod
1061 3311 1239 3392 μακαρίτου.

138 3400 300 3481 aliquando
319 3401 432 3460 credidi
452 3399 599 3480 designari
617 3398 677 3460 boc
697 3399 764 3459 loco
781 3401 811 3460 8.
827 3399 1009 3458 Germanum
1022 3397 1054 3456 P.
1070 3397 1102 3457 C.
1120 3397 1239 3477 scriptis

139 3489 272 3562 clarum,
295 3487 346 3565 qui
360 3485 469 3546 Christi
490 3503 569 3545 anno
585 3487 661 3558 714,
683 3483 845 3566 imperante
858 3483 1012 3543 Anastasio
1026 3481 1177 3560 Augrnto,
1199 3499 1239 3540 cx

139 3573 285 3652 Cyzicena
300 3570 369 3630 sede
381 3571 413 3631 in
427 3571 785 3652 constantinopolitanam
798 3579 843 3630 est
857 3569 1029 3630 translatus.
1070 3565 1238 3648 impellebat

139 3657 182 3719 ad
195 3659 238 3716 sio
253 3655 436 3737 opinandum
452 3655 563 3716 mentio
581 3655 766 3736 antiquitatis
779 3653 825 3716 bis
838 3649 976 3716 hocloco
989 3653 1132 3732 repetita,
1154 3647 1241 3729 qnasi

138 3740 276 3804 indicans
291 3742 473 3802 Germanum
486 3740 567 3802 huno
581 3741 783 3822 patriarcham
795 3761 910 3802 novum
922 3759 961 3800 ex
971 3739 1079 3800 ultima
1091 3743 1240 3796 vetustate

140 3825 278 3906 exempla
293 3837 323 3888 et
339 3837 496 3909 praecepta
516 3826 718 3887 emendandas
734 3827 871 3887 ecclesiae
883 3825 954 3887 inde
967 3841 1062 3904 nsque
1074 3821 1112 3881 ab
1123 3821 1196 3879 actis
1210 3829 1240 3879 et

140 3913 262 3992 scriptis
286 3913 381 3974 sancti
400 3913 540 3973 Germani
556 3929 704 3973 accersere
722 3913 880 3974 studuisse.
920 3929 1027 3972 verum
1045 3926 1080 3967 re
1096 3905 1241 3966 attentius

141 3998 332 4060 considerata
345 3999 527 4079 probabilius
547 3999 711 4063 existimavi
724 3997 767 4078 agi
787 3997 926 4057 hocloco
939 3994 977 4055 de
990 3995 1137 4054 Germano
1152 3991 1241 4070 longe

141 4085 315 4148 recentioris
333 4085 492 4145 memoriae
510 4083 700 4164 patriarche,
719 4083 805 4146 cuius
820 4082 948 4145 mortem
961 4088 994 4142 ct
1006 4077 1134 4160 elogium
1147 4075 1242 4138 habes

214 4274 245 4344 ·)
279 4269 315 4330 et.
332 4269 449 4328 otmar.
465 4269 581 4324 atteram.

190 4385 325 4458 congro
347 4383 516 4454 Ροελςιιαοι
537 4381 568 4445 λ,
996 4371 1038 4440 81
