3125 4900
365 282 444 352 sn,
468 279 526 352 us
564 222 930 358 cnonosocrcus.
1125 279 1206 360 eor

112 454 171 530 sit,
199 459 353 515 ermom
370 445 498 514 laudans
514 447 735 532 Pschymerem.
776 457 809 511 at
830 448 903 526 hic,
928 446 1004 510 licet·
1022 445 1082 510 disi
1100 455 1204 512 texts·

111 539 294 614 meminerit,
314 535 398 598 haud
418 545 520 596 tamen
535 556 601 596 sam
621 535 837 596 numerandam
854 535 935 597 dixit
951 535 989 598 eb
1004 535 1090 597 obitu
1103 532 1207 596 Theos

112 623 198 700 dori,
216 623 269 687 sed
287 622 389 702 potins
405 621 550 683 indicavit
564 621 764 698 contrarium,
791 640 826 682 eo
843 622 909 702 ipso
924 619 1007 701 qnod
1020 619 1203 700 praesigniti-

112 719 210 770 catam
220 709 272 768 illa
285 707 386 787 eclipsi
398 705 550 768 Theodori
568 717 696 769 mortem
716 707 833 785 usesit3
862 708 902 768 ad
920 707 1003 786 quod
1016 724 1132 767 neceam
1143 705 1203 766 fnit

111 793 243 873 eclipsim
263 801 361 854 morte
378 793 469 854 fuine
490 794 629 873 priorem.
676 791 797 855 emendi
822 793 1004 854 occasionem
1023 792 1097 855 siris
1120 789 1206 850 hisco

111 878 224 957 magnis
244 877 438 958 Pachymeres
457 877 595 960 praebuit
615 879 816 958 perfunctorie
837 898 873 938 ac
889 878 1030 958 perplexe
1043 877 1206 956 deliquium

111 963 195 1026 istud
208 962 278 1023 solis
288 981 473 1040 memorem,
495 965 560 1026 sine
576 965 743 1025 certaanni
754 962 863 1024 mensis
876 963 950 1040 diei,
970 973 1007 1024 ut
1018 961 1109 1022 inhis
1122 981 1207 1022 auo-

111 1051 171 1124 let,
191 1047 386 1126 indicatione,
407 1049 571 1128 quinetiam
583 1051 678 1111 alieno
688 1049 724 1110 id
734 1049 802 1110 loco
816 1050 958 1126 reserens,
982 1057 1014 1108 et
1026 1049 1134 1109 irutem
1148 1047 1206 1130 olq-

111 1134 213 1194 iicieus
225 1134 333 1212 legenti
345 1153 463 1194 causam
472 1135 613 1216 opinandi
623 1135 701 1196 illud
711 1135 813 1215 paucis
828 1135 931 1195 diebus
941 1143 1100 1212 antequam
1110 1129 1208 1191 Theo.
1264 1177 1268 1188 .

113 1219 208 1280 dorus
220 1228 388 1281 moreretur
399 1221 515 1298 uisum,
536 1241 605 1282 cnm
617 1221 737 1282 aliunde
759 1229 945 1298 compertum
958 1220 996 1280 sit
1005 1220 1119 1278 nullsm
1141 1225 1207 1278 toto

111 1305 165 1366 illo
181 1323 261 1364 anno
277 1307 368 1381 1259,
384 1325 445 1386 quo
465 1317 548 1368 certo
560 1315 679 1367 constat
701 1305 807 1366 obiisse
819 1304 1027 1381 Theodorum,
1049 1303 1118 1363 solis
1135 1301 1208 1362 ecli-

111 1389 190 1471 psim
201 1390 325 1449 Nicaeae
337 1401 390 1450 ant
403 1391 475 1452 locis
489 1392 621 1452 finitimis
632 1391 731 1454 videri
739 1391 880 1471 potuisse.
923 1409 1014 1469 qnare
1027 1409 1088 1448 non
1099 1387 1208 1447 imme-

112 1475 175 1536 rito
191 1473 299 1535 Sethus
319 1475 462 1538 Calvisius
480 1478 512 1538 in
525 1476 721 1556 chronologia
739 1495 819 1536 anuo
837 1475 948 1536 Christi
962 1477 1044 1542 1255
1060 1473 1208 1536 Wolfisna

113 1559 302 1640 Pachymeris
314 1571 455 1642 excerpta
467 1563 535 1623 falsi
546 1563 659 1642 arguit,
680 1581 756 1640 qnae
769 1561 960 1642 reprehensio
977 1559 1047 1640 etsi,
1068 1569 1105 1619 nt
1116 1557 1209 1620 modo

112 1645 243 1723 fatebar,
273 1645 373 1725 ipsum
393 1648 580 1728 amplectitur
596 1646 824 1726 Pachymereru,
851 1655 966 1722 tamen,
990 1663 1028 1704 ne
1045 1645 1149 1704 iniusti
1167 1643 1211 1702 si·

114 1751 202 1805 mus,
222 1738 339 1812 partem
363 1733 425 1794 eius
445 1734 502 1814 ipsi
521 1753 639 1814 qnoque
655 1752 740 1792 suam
761 1733 901 1792 debemus
919 1731 1028 1794 Wolfio
1046 1745 1211 1811 aspergere,

114 1815 237 1894 quisub
256 1817 372 1878 mismo
397 1817 545 1879 dheodori
565 1819 702 1880 defecisse
725 1817 816 1877 solem
831 1818 869 1878 de
882 1837 937 1878 suo
951 1815 1073 1891 adiecit,
1094 1811 1211 1876 cumid

113 1899 309 1980 Peehymeres
322 1925 385 1964 non
397 1905 556 1985 scripserit.
596 1925 667 1964 narn
680 1901 763 1982 qnod
780 1921 820 1962 ex
833 1903 987 1963 occasione
999 1901 1099 1962 obitus
1110 1899 1212 1960 Theo-

116 1985 185 2048 dori
195 1988 365 2050 meminerit
375 1989 542 2050 istiusmodi
554 1989 687 2070 eclipsis,
708 1988 775 2069 quis
785 2009 847 2050 non
860 1987 945 2052 videt
956 2007 1046 2069 quem
1057 1986 1211 2048 infirmum

115 2081 321 2150 argumentum
333 2075 373 2134 sit
385 2074 529 2155 opinandi
539 2093 604 2135 eum
616 2084 692 2135 tunc
701 2074 821 2136 rimini

201 2156 236 2217 V.
277 2159 340 2238 ligo
361 2179 435 2221 vero
462 2161 536 2222 dnm
560 2169 706 2221 caeteram
729 2159 861 2220 indolem
882 2158 1028 2238 lucifugae
1047 2155 1212 2232 cuiusdsm,

116 2239 300 2320 ambagiosae
314 2264 351 2305 ac
362 2239 735 2327 osorodeoorosvirpsxor,
756 2255 794 2305 ut
805 2245 939 2304 Gellisno
953 2251 985 2303 ct
995 2240 1213 2322 Aristophaneo

116 2326 217 2388 verbis
235 2337 319 2404 utar,
347 2327 596 2409 Pachymerisnee
617 2331 755 2391 dictionis
776 2331 887 2410 cogito,
910 2329 1042 2408 dumque
1062 2337 1216 2408 praeterea

115 2419 218 2474 mente
237 2415 498 2495 smplexus,simnl
519 2423 627 2477 cuncta
638 2434 715 2495 qnae
728 2414 779 2476 hic
791 2416 964 2477 referuntur
978 2411 1147 2493 singillatim
1160 2429 1217 2471 ex-

116 2517 208 2579 pense
228 2500 349 2579 colligo,
369 2500 443 2562 mihi
460 2502 567 2563 videor
585 2501 822 2563 animadvertere
836 2501 950 2565 iudiciis
961 2500 1046 2560 hand
1058 2498 1146 2561 vanis
1158 2517 1218 2558 vo-

117 2582 207 2643 luisse
224 2594 361 2646 nocuum
381 2584 555 2647 historicum
573 2587 678 2647 saltem
691 2588 818 2647 obscure
828 2590 968 2661 innuere,
990 2584 1125 2646 dminus
1138 2582 1218 2643 clare

118 2668 300 2748 praedicare,
321 2670 484 2748 deliquium
498 2672 602 2746 solare,
623 2669 705 2748 quod
717 2670 777 2731 hoc
791 2671 857 2730 loco
868 2677 1026 2745 memoret,
1051 2669 1138 2747 longe
1149 2675 1219 2729 anta

118 2750 179 2812 hoc
196 2763 328 2833 tempus,
350 2754 382 2813 in
402 2774 462 2833 quo
480 2753 633 2814 narrando
652 2764 809 2831 uersatur,
830 2764 985 2835 patratum
1003 2762 1034 2811 et
1051 2762 1219 2833 spectatum

119 2838 220 2905 luisse.
262 2848 469 2917 argumentum
484 2840 527 2898 sic
540 2836 687 2898 sentiendi
699 2840 829 2915 prinum
842 2858 926 2897 sumo
940 2858 978 2895 ex
991 2838 1221 2917 plusquamper-

118 2924 197 2985 fecto
212 2932 347 3003 tempore
360 2922 443 3002 quod
453 2923 486 2985 in
499 2924 592 2985 verbo
605 2922 652 2983 bis
666 2921 802 2997 affectat,
824 2942 885 2982 nou
905 2922 1035 2997 scn‘bens
1050 2920 1219 2985 initlorum

119 3004 206 3089 ἥλιος
227 3007 280 3067 sed
301 3008 477 3086 ἐκλελοίπει,
497 3018 529 3068 et
544 3008 645 3069 statim
657 3017 727 3088 post
741 3000 850 3082 σκότος
863 3001 897 3069 sd
911 3010 975 3069 nto
987 3008 1149 3086 κατείληφε
1166 3004 1220 3066 scd

119 3086 303 3172 κατειλήφει.
344 3092 509 3172 defecerat,
528 3094 643 3174 inquit,
663 3093 728 3166 sol,
748 3114 809 3153 uon
832 3102 934 3151 nutem
952 3101 1025 3151 tunc
1042 3090 1172 3176 defecitp
1188 3098 1220 3161 et

120 3178 262 3238 tenebrae
281 3178 422 3239 universa
443 3177 649 3257 obduxerant,
668 3177 765 3239 multo
786 3177 897 3238 scilicet
916 3175 1014 3256 prius,
1035 3198 1097 3249 non
1116 3184 1220 3237 sutem

121 3275 197 3322 turre
218 3260 415 3325 obduxerunt.
457 3264 563 3346 quodsi
578 3262 645 3345 quis
658 3272 781 3343 quaerat
793 3264 897 3343 quenti
914 3263 1056 3343 temporis
1073 3262 1219 3325 interval·-

120 3348 185 3409 lum
205 3347 281 3409 haec
298 3350 392 3411 verbo
413 3351 547 3413 indicsta
566 3350 730 3433 praecessio
756 3349 906 3430 postulet,
933 3356 1054 3428 reputet
1073 3368 1219 3427 quaenam

120 3442 230 3495 eventa
246 3436 432 3515 praesignata
450 3438 539 3499 inim
551 3438 611 3497 isto
624 3444 767 3517 portento
781 3442 887 3495 auctor
900 3443 1026 3494 censeat.
1068 3434 1137 3495 satis
1154 3434 1220 3494 inse

122 3540 159 3579 ac
178 3520 315 3580 distincte
334 3532 507 3602 persecutus
524 3523 602 3583 mala
619 3539 695 3600 quae
716 3519 867 3581 Theodori
882 3520 1083 3601 principatum
1094 3520 1220 3579 infesta·

122 3614 212 3680 rnnt,
238 3606 378 3667 morbum
396 3628 491 3689 prope
511 3608 706 3682 continuum,
735 3606 915 3685 suspiciones
938 3624 1020 3665 aeres
1041 3614 1073 3665 et
1088 3604 1220 3680 miseras,

122 3690 307 3751 aversionem
326 3691 494 3773 principum
509 3694 640 3774 abipso,
661 3691 841 3752 brevitatem
856 3691 944 3771 spolii
955 3688 1110 3751 educendo
1122 3690 1154 3749 in
1167 3708 1223 3748 ro—

121 3776 242 3836 bustam
256 3785 384 3836 sststem
397 3777 501 3839 heredi
515 3780 615 3839 locum
629 3787 804 3858 negantem,
824 3784 944 3856 praeter
961 3784 1092 3836 caeteros
1104 3772 1223 3834 tumul-

122 3870 228 3920 tuosos
245 3869 346 3921 motus
363 3864 559 3925 rebellionum
581 3874 611 3923 et
630 3863 780 3925 bellorum
799 3870 866 3921 toto
884 3860 937 3921 illo
957 3879 1014 3921 nee
1035 3860 1122 3939 pleno
1144 3877 1223 3939 qun-

124 3944 260 4006 driennio
281 3965 397 4026 semper
413 3950 548 4028 undique
567 3948 782 4025 coorientium,
814 3954 914 4007 totum
932 3945 966 4005 id
986 3944 1224 4005 infortuniorum

122 4040 243 4092 textum
262 4030 390 4093 relativo
407 4030 426 4097 ὅ
446 4035 620 4115 indigitavit
642 4032 850 4112 Pachymeres,
872 4030 946 4091 dum
962 4028 1066 4090 scribit
1087 4025 1155 4110 test
1170 4026 1224 4092 sel

121 4108 301 4197 προσήμανε
322 4117 408 4197 quod
426 4131 455 4179 st
469 4122 747 4202 prassigmfleavit.
790 4138 860 4179 cum
881 4136 954 4179 vero
974 4114 1015 4176 sit
1037 4116 1224 4175 manifestum

122 4200 436 4284 praesignificationem
452 4208 616 4267 necessmio
644 4205 823 4267 mteriorem
842 4220 904 4263 esse
923 4220 968 4265 re.
981 4199 1222 4283 praesignificata,

123 4289 191 4365 quis
203 4308 265 4349 nou
279 4287 416 4377 intelligit
425 4294 590 4373 oportuisse
602 4294 719 4373 signum
733 4288 818 4375 istud
831 4289 910 4351 droa
921 4288 988 4370 ipsa
997 4286 1114 4369 imperii
1124 4284 1226 4347 Theo-
1308 4314 1310 4325 =
