3125 4900
266 280 342 377 aaa
572 251 763 371 osonum·
780 297 1047 369 rucuuurams

264 476 348 567 αύτῷ
362 475 403 542 τοὶ
418 469 517 541 πύκται
540 475 592 539 κοιλ
614 473 729 551 αύτούς
752 467 935 540 κινδυνεύων
943 522 954 555 ,
981 472 1011 538 oi
1025 472 1059 538 ἀὲ
1074 470 1129 538 τὸν
1145 470 1180 537 ἐκ
1194 476 1251 537 τοῦ
1264 478 1359 554 βασι·

262 582 337 659 λίως
350 580 531 645 ἀντετίθουν
547 574 667 665 φόβον,
695 579 746 643 καλ
767 575 810 655 ὥς
828 574 1039 661 ύπομονητίον
1058 573 1171 661 ἐλεχον·
1198 571 1280 659 τύχα
1298 576 1359 662 χάρ

262 683 402 751 κάκεῖθεν
415 687 661 771 προσαποστελεῖ
669 677 800 763 δύναμιν
818 679 981 769 (μηδὲγὰρ
994 673 1154 763 ἀμελήσειν
1168 673 1270 745 τόσων
1280 704 1361 765 χρη-

171 818 173 827 ’
225 806 250 862 1)
265 783 387 873 ριάτων)
411 788 462 851 καὶ
483 780 718 869 προσβοηθῆσει
738 784 789 849 διὰ
805 780 971 867 θαλάσσης
991 784 1042 848 καί
1058 778 1131 867 ἡμῖν
1146 783 1297 865 ἐπαμυνεῖ
1307 782 1361 847 τὸν

263 890 414 956 κίνδυνον.
465 890 492 953 εί
513 888 546 952 d’
572 880 645 969 οὖν,
672 885 751 952 ἀλλά
772 885 831 971 τὴν
856 893 913 952 τοῦ
933 884 1070 951 σουλτάν
1090 884 1227 973 κεφαλὴν
1248 883 1386 951 ἀποστ-5

263 989 381 1077 μύιτας
399 988 457 1068 ἐξω
477 996 532 1057 τοῦ
556 990 675 1073 τείχους
694 998 760 1065 τοῖς
782 992 908 1075 ἐχθροῖς
929 989 1061 1075 ῥιπτεῖν,
1089 987 1166 1072 ded
1187 984 1364 1074 καραδοκή-

264 1120 355 1162 σασιν
375 1093 561 1177 ἀποχωρεῖν,
588 1090 608 1176 ἢ
630 1091 831 1181 δρμηθέντων
855 1089 1030 1176 ἀμύνεσθαι
1053 1088 1137 1177 ἡμᾶς
1158 1090 1292 1176 ἀντίχειν
1307 1091 1364 1167 ἕως

265 1192 408 1265 θανάτου
417 1246 428 1276 ,
454 1198 505 1261 κοιλ
520 1194 539 1281 ἢ
555 1201 632 1262 θεοῦ
647 1222 707 1262 που
729 1197 872 1288 συνερχίρ
886 1194 1098 1281 περιγενέσθαι
1117 1194 1139 1281 ἢ
1155 1195 1273 1261 πίπτειν
1284 1191 1363 1277 ἀπέρ

266 1305 321 1384 τῆς
340 1303 383 1377 εἰς
406 1298 535 1383 βασιλέα
558 1301 699 1376 πίστεως.
749 1306 852 1367 ταῦτα
870 1298 1102 1382 βουλευομένων
1125 1293 1245 1384 ἐκράτει
1265 1293 1362 1380 mirri

268 1402 395 1487 δευτίρο
419 1397 538 1487 βουλή,
566 1412 721 1487 καρτερεῖν
740 1404 791 1468 καλ
813 1401 857 1468 ἐτι
875 1404 1089 1487 ἐκδεχομένους
1107 1399 1277 1487 βοήθειαν,
1310 1403 1362 1465 καὶ
1371 1406 1404 1460 10

230 1516 255 1571 lo
272 1515 337 1583 τοῖς
350 1506 406 1589 μὲν
420 1504 478 1582 ἐξω
499 1504 636 1589 ἀναρτᾶν
656 1507 781 1581 ἐλπίδας
802 1504 846 1583 ὥς
861 1506 1096 1586 ἐκάωσείοντας,
1123 1503 1238 1581 αύτούς
1256 1504 1292 1569 δέ
1304 1503 1363 1586 μί-

266 1634 377 1685 νοντας
391 1601 423 1673 εὖ
438 1606 478 1674 sd
492 1608 571 1673 κοτιλ
586 1614 669 1696 σφᾶς
684 1604 727 1685 ὣς
748 1604 860 1676 οἷόντε
880 1611 1049 1691 τίθεσθαι,
1073 1605 1116 1684 ὦς
1136 1605 1361 1689 ἀνθεξομένους

268 1713 322 1802 ἐφ’
337 1710 411 1778 ὅσον
425 1711 558 1797 παρείκει
571 1715 622 1777 καί
637 1712 682 1795 μὴ
697 1714 850 1807 βοηθείας
861 1713 1016 1799 φανείσης.
1070 1715 1097 1778 εἰ
1112 1713 1146 1777 δέ
1161 1705 1361 1776 κινδυνεύοιεν

268 1812 404 1884 πλεόνων
424 1810 648 1901 ἐπιβρισάντων
667 1821 730 1881 τῶν
750 1821 909 1901 χαλεπῶν,
934 1814 1070 1902 κεφαλὴν
1084 1816 1141 1900 μέν
1153 1821 1211 1879 τοῦ
1227 1812 1362 1879 σουλτάν

238 1995 245 2009 ·
266 1915 345 2005 μήτ’
362 1913 516 1983 ἐκκόπτειν
529 1914 606 2003 μήτε
622 1918 752 2006 ῥιπτεῖν·
777 1916 967 2005 παραβόλων
979 1918 1039 2005 γὰρ
1052 1918 1175 2003 ἀνδρῶν
1190 1919 1241 1982 καί
1257 1922 1404 1983 dorse-15

266 2019 391 2090 salernu
412 2019 448 2087 τά
470 2016 617 2116 τόλμημα
638 2018 732 2102 εἶναι,
770 2022 807 2088 τύ
829 2022 863 2088 rl’
887 2024 920 2088 ἐν
939 2024 1089 2099 σπονδαῖς
1113 2015 1296 2087 ἀποδιδόναι
1306 2025 1364 2086 τοῦ

266 2122 421 2206 σώζεσθαι
434 2122 473 2188 τά
488 2128 579 2189 λοιποὶ
595 2120 746 2206 εὐβούλου
760 2126 848 2211 ἐγγύς
862 2127 1019 2211 προνοίας.
1053 2122 1175 2199 τούτοις
1190 2148 1363 2210 συγκροτη-

265 2230 373 2314 sturm
387 2236 450 2302 τοῖς
464 2222 566 2311 λόγοις
577 2225 728 2309 πίμποοσι
749 2227 808 2311 τὴν
820 2230 967 2313 ταχίστην
981 2231 1031 2293 καὶ
1051 2226 1269 2311 ύπισχνοῦνται
1283 2233 1361 2308 βον-

161 2348 182 2401 Ρ
202 2347 251 2403 158
268 2330 473 2409 λευσαμένους
495 2328 550 2416 ἐφ’
576 2328 681 2396 ἱκανὸν
699 2326 834 2408 ἐξανύειν
857 2329 917 2399 ὅτι
933 2333 1058 2417 ζητοῖεν.
1110 2334 1161 2398 καὶ
1176 2323 1214 2415 ἦν
1226 2330 1283 2413 μέν
1300 2326 1360 2394 αὖ·

265 2551 308 2604 sit.
345 2563 426 2618 quare
444 2545 547 2599 aiebant
562 2544 746 2600 obfirmaadum
762 2546 873 2601 animum
894 2548 921 2602 in
938 2548 1073 2603 resistendi
1094 2545 1252 2610 constantia,
1268 2549 1297 2598 et
1311 2559 1361 2614 ps·

267 2619 362 2673 tieuier
380 2617 550 2686 expectandus
567 2615 653 2684 copias
669 2615 831 2686 inperatoris
847 2617 911 2687 ipds
927 2618 984 2671 sine
1000 2619 1078 2673 dubio
1095 2618 1201 2671 nonita
1212 2617 1292 2668 multo
1302 2621 1362 2682 post

266 2687 361 2742 auxilio
386 2693 521 2738 venturas:
549 2701 598 2737 nou
622 2684 687 2738 euim
720 2686 895 2754 neglecturum
922 2689 1071 2757 prudentem
1096 2687 1236 2757 prinoipem
1262 2692 1363 2736 tautam

266 2773 337 2812 suam
355 2754 486 2825 pecuniam
511 2770 632 2822 servare,
657 2753 734 2808 missa
755 2761 860 2809 strenua
884 2755 966 2810 classe
982 2776 1049 2828 quae
1069 2763 1174 2824 patente
1188 2753 1252 2807 mari
1269 2750 1363 2806 auxilia

267 2831 385 2898 portaret
409 2822 534 2876 obsidioni
558 2822 697 2876 solvendae
718 2823 867 2878 suffectura.
901 2825 928 2878 id
945 2826 988 2878 vel
1010 2827 1033 2879 si
1050 2826 1164 2889 deleret,
1182 2839 1289 2876 sensere
1304 2837 1364 2874 seso

268 2895 408 2950 abscissum
426 2893 540 2946 Sullanis
556 2899 634 2962 caput
651 2893 683 2946 sd
700 2893 789 2946 lrostes
805 2912 821 2946 e
836 2911 907 2947 muro
925 2911 1036 2967 superne
1050 2893 1210 2948 iaotanrlumr
1234 2895 1281 2945 aot
1295 2890 1362 2943 eain

268 2981 332 3036 quos
349 2963 386 3016 ibi
401 2961 553 3016 detinuisset
567 2967 674 3016 eatenus
690 2963 784 3032 aspida
801 2965 945 3033 expectatio
962 2965 1101 3034 recipiendi
1116 2961 1246 3027 Sullanis,
1269 2959 1362 3029 despe-

267 3043 325 3087 rsto
341 3031 391 3084 iam
416 3033 472 3085 eius
497 3031 553 3085 voti
577 3031 671 3084 effectu
695 3031 821 3085 reoessnri
844 3034 976 3086 ooalestin
993 3041 1082 3096 arants
1106 3039 1153 3085 aut
1167 3031 1232 3102 ipsis
1253 3027 1361 3082 irritatis

267 3101 343 3157 snrioi
360 3101 438 3154 caede
455 3107 482 3153 et
498 3099 600 3153 saeuius
616 3101 642 3153 in
662 3118 709 3154 uos
726 3101 759 3156 ad
775 3101 895 3154 ultionem
912 3103 1081 3172 expetendam
1096 3101 1243 3163 ruentibus,
1260 3095 1362 3168 optabi-

266 3172 316 3225 lern
332 3169 406 3223 nobis
422 3171 576 3222 occasionem
593 3169 680 3224 datum
696 3169 729 3222 iri
751 3169 793 3223 rel
814 3170 874 3222 fidei
900 3188 963 3240 erga
977 3172 1155 3241 imperatorem
1171 3176 1276 3224 normae
1290 3166 1361 3220 obita

267 3257 315 3310 pro
332 3255 363 3290 eo
389 3238 525 3307 pugnaudo
548 3247 631 3291 morta
653 3239 838 3307 obsignandas,
860 3239 903 3292 vel
924 3240 1070 3309 gloriosae,
1096 3241 1119 3293 si
1136 3241 1201 3292 deus
1222 3235 1362 3300 adiuverit,

265 3305 398 3362 victoriae.
432 3304 496 3358 ralia
511 3305 557 3358 ubi
575 3307 729 3360 altercantes
744 3307 873 3378 utrimque
888 3309 1034 3380 aliquandiu
1049 3311 1187 3374 lactarunt,
1204 3307 1287 3361 media
1300 3313 1362 3357 tarr·

181 3415 186 3424 .
267 3377 324 3430 dem
341 3373 469 3426 sententis
482 3375 633 3443 praevaluit,
651 3376 791 3429 decernens
807 3379 1019 3448 perseverandum
1035 3379 1120 3432 adlruo
1135 3384 1163 3431 et
1178 3375 1363 3447 expectandum

265 3445 388 3500 auxilinm
404 3443 573 3511 imperatoris,
591 3460 637 3496 neu
652 3451 737 3498 tamen
754 3445 830 3514 plane
845 3449 1040 3514 praecidendam
1051 3447 1119 3501 lrosti
1132 3446 1268 3500 deditionis
1278 3458 1360 3512 rpem,

266 3516 328 3586 quin
345 3529 400 3567 osm
416 3511 501 3582 potins
518 3512 633 3566 alendam
649 3513 776 3567 industria
790 3522 818 3568 et
839 3515 1013 3580 simulatione,
1038 3535 1089 3589 quo
1105 3516 1158 3586 ipsi
1174 3512 1362 3584 suspendantur

265 3583 373 3646 animis,
397 3588 425 3634 et
453 3581 573 3634 extremis
596 3587 770 3652 temperantes
792 3586 925 3639 uenatibus
949 3602 979 3639 re
1002 3587 1030 3640 irr
1056 3587 1157 3656 longum
1178 3592 1263 3636 tracta
1280 3581 1361 3632 otium

265 3652 368 3707 auxiliis
391 3657 534 3704 nostrorum
560 3651 610 3703 huo
636 3668 666 3704 se
691 3653 842 3706 admovendi
864 3657 1013 3726 praebeant.
1046 3657 1125 3709 rebus
1148 3651 1249 3707 interim
1265 3648 1361 3701 uostris

265 3739 341 3793 quam
360 3721 417 3774 lieri
434 3719 538 3804 poterit⁶
552 3720 646 3790 optime
669 3721 870 3804 providendum,
893 3730 924 3777 ut
947 3741 1023 3794 qnam
1045 3723 1186 3778 diutissime
1201 3720 1361 3786 resistamus,

265 3791 384 3844 tardante
400 3789 585 3860 quanturnlrbet
601 3789 711 3857 auxilro;
728 3808 761 3844 ιο
777 3793 800 3846 si
815 3792 856 3845 vis
872 3792 971 3846 interea
986 3795 1067 3847 maior
1080 3789 1216 3862 ingruerit,
1232 3803 1359 3858 unnqaarrr

265 3877 297 3912 eo
314 3869 401 3913 tamen
418 3859 603 3913 deveniendum
619 3865 648 3913 ut
665 3867 711 3913 aut
734 3861 912 3915 abscindamus
936 3869 983 3917 ant
1003 3861 1165 3932 proiieiamus
1180 3858 1297 3913 sumni·
1314 3873 1358 3910 oa·

265 3935 329 3998 patr
346 3945 404 3982 uam
420 3928 446 3981 id
465 3928 564 3982 laninas
585 3937 653 3982 esset
672 3937 768 3983 temere
792 3931 930 3984 latentium
945 3941 974 3986 et
988 3933 1079 3986 insana
1093 3931 1274 4002 desperatione
1289 3943 1360 3979 mor-

265 4003 318 4050 tsm
334 3998 382 4051 sibi
404 3997 601 4066 vituperabilem
622 3999 815 4053 recusantium.
849 4017 916 4070 quae
939 4018 1017 4073 porro
1032 3999 1118 4072 quoad
1141 3999 1213 4052 vires
1228 3994 1360 4068 suppetia-

265 4065 321 4118 rint
335 4066 482 4121 defenderis
507 4066 623 4132 sortiter,
646 4085 693 4134 ea,
715 4069 756 4122 rel
780 4068 867 4138 potius
885 4069 1008 4142 reliqnins
1031 4086 1118 4123 eorum
1133 4069 1360 4135 seminonsrrmpto-

266 4151 339 4199 rom,
356 4135 502 4190 defensione
516 4135 572 4208 ipsa
589 4143 702 4190 extremo
718 4137 769 4191 ianr
787 4137 931 4192 discrimine
947 4145 1054 4208 urgente
1070 4155 1117 4209 pro
1130 4138 1215 4192 salute
1231 4154 1263 4190 ao
1273 4133 1359 4204 eapite

266 4203 378 4274 pasioni,
395 4204 520 4272 sapientis
536 4205 614 4260 affine
629 4206 808 4276 pmvldentiae
824 4215 950 4262 ceasetrrr.
967 4207 993 4260 in
1010 4208 1074 4262 lraee
1090 4209 1197 4262 decreta
1213 4206 1258 4260 ubi
1272 4217 1358 4257 omos·

267 4271 469 4337 mnsensissent,
491 4274 595 4330 mittunt
616 4275 704 4330 statim
724 4277 771 4347 qui
796 4276 911 4330 lrostmm
931 4277 1081 4348 promittant
1101 4279 1217 4334 tacturos
1234 4293 1264 4330 se
1288 4267 1358 4343 qnod
