3125 4900
340 357 415 435 641
639 349 873 423 OBSERVAT.
897 340 1133 417 racnttffilt

339 523 518 611 oportuerit.
562 526 712 577 caeterum
725 513 750 578 si
762 512 812 577 eui
824 512 916 594 magia
927 510 1003 573 haee
1010 509 1110 591 placet
1118 504 1228 582 lectio,
1247 496 1413 564 referendam

340 629 506 699 pronomen
518 603 650 678 ἐκείνους
665 600 704 661 ad
716 600 846 661 Venetos
858 610 890 659 et
901 598 1021 659 Pisanos
1037 596 1112 669 erit,
1132 612 1225 671 quos,
1245 590 1314 666 quia
1325 586 1412 645 minori

341 717 466 763 numero
481 696 577 751 essent
590 709 679 766 quam
693 696 730 747 ut
741 684 777 745 ab
792 686 829 745 iia
844 684 944 746 timeri
956 682 1060 743 reditio
1075 687 1192 761 posset,
1215 672 1307 735 haud·
1316 677 1413 750 gravate

341 790 495 866 pateretur
508 778 671 853 imperator
683 771 765 832 iutra
779 770 863 833 urbis
877 770 992 831 moenia
1005 767 1128 846 degere,
1149 782 1220 823 carm
1241 781 1259 818 a
1273 754 1412 817 Gennesa-

342 871 398 930 bus
417 860 608 927 multitudine
630 855 797 920 metuendis
817 856 922 917 turbas
945 855 1058 932 aliquas
1077 852 1182 910 timens
1205 846 1413 905 minimatutun

342 954 524 1015 existimaret
537 946 572 1005 iis
585 942 734 1005 domicilia
745 944 778 1001 in
790 942 866 1003 urbe
878 942 1020 1001 tribuere.
1062 954 1169 1015 quare,
1191 941 1230 990 ut
1244 927 1344 989 deinde
1354 924 1412 987 att

342 1040 501 1109 scribitur,
531 1032 610 1109 ipsos
638 1028 766 1110 primum
786 1026 959 1087 Heracleam
982 1022 1126 1083 Thraciae
1147 1017 1350 1086 submoverat,
1374 1006 1413 1065 sed

341 1134 446 1207 postea
460 1126 576 1179 mutata
591 1114 737 1175 sententia
750 1132 800 1171 eoa
811 1114 844 1173 iu
857 1111 1033 1173 suburbium
1046 1108 1181 1167 Galatam
1196 1097 1351 1161 transtulit
1368 1110 1414 1151 nou

343 1208 478 1291 poenitet
496 1200 614 1280 quidem
635 1219 682 1260 me
702 1198 810 1279 prioris
828 1198 886 1257 iam
899 1198 994 1256 editae
1006 1191 1155 1263 lectionis,
1173 1207 1254 1265 quae
1267 1180 1415 1243 sententiam

342 1292 426 1355 haud
447 1284 664 1351 inverisimilem
683 1282 836 1365 exprimit:
857 1293 957 1343 tamen
977 1281 1002 1339 ai
1021 1280 1087 1358 quis
1101 1276 1159 1335 erit
1171 1274 1220 1333 cui
1236 1262 1415 1352 plussnidat

344 1380 454 1450 altere,
472 1376 499 1435 ia
519 1370 558 1429 ad
579 1390 644 1443 eam
666 1370 854 1429 conformare
873 1365 1148 1445 interpretationem
1163 1358 1300 1418 Latinam
1313 1350 1415 1412 iuhuuc

343 1462 468 1526 modum
486 1456 611 1537 poteriis
639 1463 787 1515 caeterum
809 1452 1017 1515 Genueraaidua
1033 1442 1227 1524 subsidere
1244 1461 1304 1501 non
1318 1441 1414 1517 potere!

345 1554 431 1609 entra
452 1544 555 1603 urbem
575 1538 767 1621 degentibus,
789 1536 875 1620 quod
894 1540 988 1599 multi
1008 1544 1104 1595 essene
1118 1550 1256 1589 mecum
1272 1525 1341 1583 olia'a
1354 1537 1413 1577 eor·-

345 1634 474 1693 maniter
496 1629 626 1687 viverent
645 1622 694 1706 *).
736 1626 870 1685 Pisanos
894 1636 922 1683 et
947 1624 1073 1685 Venetos
1090 1617 1189 1677 multo
1207 1613 1356 1691 inferiores
1371 1623 1414 1659 nu·

345 1738 425 1777 mero
439 1718 524 1773 intra
541 1714 693 1793 moenium
706 1710 856 1769 ambitum
871 1708 977 1769 denaus
989 1706 1096 1765 laudere
1108 1697 1200 1761 haud
1212 1718 1300 1778 aegre
1315 1688 1413 1751 snum

429 1837 460 1903 p.
478 1818 538 1881 175
552 1831 582 1871 v.
598 1816 646 1875 11.
688 1816 954 1891 χειροτονηθεῐσιν.
994 1806 1074 1867 hanc
1092 1822 1197 1864 vocem
1217 1802 1261 1859 sic
1272 1790 1414 1857 emendari·

343 1924 428 1979 mus,
449 1898 612 1961 necessaria
629 1904 665 1953 ut
686 1898 864 1975 putabamus
881 1897 1013 1970 ratione,
1034 1910 1104 1951 cum
1123 1890 1157 1948 in
1175 1882 1341 1963 erclaetypia
1356 1876 1413 1936 dere

343 1990 489 2069 legaretur
503 1986 771 2065 χειροθετηθεῖσιν.

430 2092 455 2137 c.
473 2075 501 2137 8.
545 2068 629 2141 Quos
649 2063 709 2127 hoo
726 2067 822 2147 capite
841 2074 943 2125 nomer
962 2060 1120 2141 Aethiopas
1140 2056 1285 2139 appellat,
1304 2050 1333 2111 hi
1349 2050 1414 2105 arant

345 2155 484 2219 Saraceni
495 2152 628 2233 Aegypto
639 2168 691 2231 per
702 2149 734 2210 id
747 2163 864 2231 tempus
872 2149 1086 2229 imperitantes,
1099 2166 1168 2204 eum
1179 2142 1289 2221 quibua
1299 2146 1329 2195 et
1338 2132 1414 2191 §.Lu-

240 2252 264 2305 P
281 2249 332 2305 451
351 2244 459 2303 dorico
480 2240 665 2297 Francorum
684 2238 746 2312 regi
761 2247 794 2297 et
814 2234 878 2295 eliis
899 2233 1082 2315 principibus
1102 2227 1279 2289 Christianis
1297 2216 1413 2291 lmosdy·

347 2349 428 2389 mam
442 2334 471 2383 et
483 2323 537 2380 alia
552 2321 731 2379 Palaestinae
745 2321 811 2380 loce
824 2320 1036 2400 occupantibus
1046 2335 1152 2397 graves
1162 2310 1356 2372 dimicationes
1364 2303 1414 2360 tue

346 2421 432 2476 runt.
474 2407 568 2486 aperit
588 2414 686 2464 autam
701 2402 754 2466 hic
766 2406 845 2466 clere
860 2405 1055 2486 Pachymeres
1067 2400 1210 2481 originem
1223 2398 1344 2458 famosae
1354 2384 1414 2447 nili·

345 2501 405 2558 tiae
435 2489 736 2560 Mammaluchorum,
764 2490 909 2552 conflatae
930 2511 969 2550 ex
991 2489 1142 2568 mancipiis
1162 2482 1270 2545 maiori
1295 2498 1329 2538 ex
1350 2477 1412 2554 ptrtt

347 2579 510 2662 Scythicis,
530 2593 606 2654 quae
629 2573 736 2654 puerili
757 2586 854 2637 aetate
874 2596 914 2636 ex
931 2577 1050 2637 Euxino
1062 2575 1095 2634 in
1109 2571 1276 2650 aegyptum
1290 2564 1414 2652 depurata

346 2669 389 2728 ibi
402 2666 601 2725 educarentur
614 2669 645 2718 et
659 2657 861 2724 adolescerent
871 2664 903 2723 in
915 2663 1024 2724 milites
1034 2659 1219 2732 fordaaimos,
1238 2643 1413 2730 magareta

347 2754 512 2813 stianorum
538 2746 647 2806 damno
655 2791 664 2825 ,
685 2765 741 2806 nec
758 2747 867 2809 minori
880 2750 968 2829 culpa
983 2746 1220 2806 christianorum
1235 2730 1413 2799 consentim-

346 2838 411 2920 poli
433 2832 664 2908 dominantium,
689 2832 797 2910 quibua
821 2843 886 2892 erat
903 2833 1074 2894 facillimum
1090 2827 1173 2889 istud
1188 2825 1338 2886 exitiosum
1350 2818 1412 2876 lere⁴

347 2922 526 3001 solymitano
538 2937 628 2996 regno
646 2920 854 2980 commercium
868 2919 1061 2999 intercipere,
1083 2915 1139 2976 nisi
1152 2911 1291 2981 avaritia,
1310 2898 1411 2967 ambior,

347 3009 430 3067 avita
449 3005 607 3063 aemulatio
623 3003 798 3066 Latinorum
811 3005 878 3084 plus
891 3004 974 3086 apud
987 3024 1037 3063 eoa
1052 3021 1141 3080 quam
1153 2995 1298 3072 religionis
1311 2990 1411 3052 ration·

347 3091 525 3164 valuissent,
549 3107 641 3167 quare
661 3092 766 3152 merito
781 3089 975 3169 Pachymeres
987 3088 1132 3169 capitibus
1144 3085 1165 3149 4
1178 3084 1242 3146 et5
1256 3071 1411 3158 sequentib&

347 3177 407 3237 hoc
423 3177 534 3235 sactum
548 3174 706 3252 improbat.

433 3280 462 3339 p.
482 3263 541 3322 180
564 3277 593 3317 v·
610 3263 658 3322 19.
701 3272 760 3320 tres
779 3262 909 3339 reginae.
951 3257 1012 3318 hoe
1032 3265 1078 3315 eat
1097 3265 1159 3316 tres
1182 3256 1278 3335 regiae
1298 3243 1410 3333 napea:

349 3363 418 3406 nam
437 3363 475 3402 ex
493 3343 610 3419 regibus
629 3353 715 3405 natas
735 3346 848 3426 reginae
867 3343 1035 3424 nuncupari
1052 3361 1123 3402 usua
1144 3343 1203 3401 iam
1224 3341 1291 3402 olim
1303 3327 1410 3393 invect

348 3431 432 3489 cuiue
445 3428 579 3507 exempla
593 3431 699 3505 panim
715 3437 890 3493 occurrunt.
961 3467 967 3474 -

432 3534 463 3576 v.
476 3512 526 3577 24.
569 3513 654 3573 Maio
667 3511 704 3572 de
716 3519 882 3576 Bela'eurto.
922 3514 1036 3575 indicet
1048 3513 1144 3572 forme
1156 3507 1284 3569 nominis
1294 3503 1410 3562 Fressfflffl

348 3597 432 3660 hunc
441 3598 540 3672 luisse,
561 3600 720 3674 suadetque
734 3601 822 3676 idem,
838 3598 920 3678 quod
933 3601 1133 3678 Peloponneso
1146 3597 1209 3656 aive
1224 3595 1340 3662 morae,
1350 3574 1409 3640 ²⁰⁶⁰

349 3683 401 3745 hic
415 3694 499 3745 ortus
514 3683 638 3760 dicitur,
659 3685 767 3746 Franci
781 3696 848 3745 tum
861 3685 1080 3765 imperitabant.

433 3791 463 3850 p·
478 3772 535 3834 181
553 3788 582 3828 v.
594 3775 622 3834 8.
671 3772 855 3832 Vinttma‘la'm
897 3781 971 3832 nota
987 3768 1061 3829 haec
1076 3775 1122 3826 est
1135 3763 1289 3845 appellatio
1300 3751 1408 3826 antiquie

349 3853 584 3997 eefipraenobilia
603 3855 728 3918 familiae
744 3857 922 3936 Genuensis,
949 3855 1113 3932 hodieque,
1139 3861 1175 3911 ut
1196 3849 1311 3930 opinor,
1328 3849 1409 3916 wPff‘

348 3949 387 3997 ab
411 3959 435 3999 e.

366 4047 368 4056 ¹
432 4041 462 4100 p-
479 4027 537 4088 183
554 4043 585 4085 v·
599 4031 648 4090 96.
692 4031 726 4086 in
742 4047 894 4106 purpurea
935 4025 1019 4086 videa
1036 4023 1182 4082 hincnon
1196 4019 1266 4078 satis
1280 4013 1368 4078 fuisse,
1381 4001 1408 4054 '¹‘

350 4105 415 4185 qui·
427 4105 695 4189 Porphrrogemus
710 4113 874 4188 diceretur,
894 4120 1000 4172 natum
1013 4109 1102 4170 fuisse
1119 4127 1160 4166 ex
1176 4112 1262 4186 patre
1273 4103 1326 4161 iem
1336 4093 1408 4165 imp*

345 4291 529 4430 omeliaria
545 4321 579 4336 -
597 4297 721 4353 ateana
747 4293 823 4348 tana
841 4301 867 4348 es
883 4294 938 4347 eet·
953 4294 1069 4364 umque
1085 4291 1167 4347 eona
1182 4282 1317 4345 mamas
1328 4275 1407 4328 me·
