3125 4900
430 247 514 322 um.
532 247 592 321 lll.
628 247 994 326 emtonououlcus.
1183 251 1259 322 719

249 409 310 478 Ex·
320 413 412 477 dictis
428 415 609 498 intelligitur
626 435 702 498 quas
721 415 795 478 lidae
811 415 949 478 habenda
972 415 1013 477 sit
1024 455 1029 469 ·
1042 415 1259 494 astrologorum

155 502 248 584 genti
261 503 342 563 circa
356 502 514 585 eclipsium
524 502 676 563 diritatem
688 511 720 563 et
730 503 943 564 effectuum-ex
960 501 998 561 iis
1013 504 1259 582 concoquendum

59 631 63 638 -
154 587 386 666 uslignitstem.
426 596 498 648 suot
514 588 568 668 qui
578 587 727 648 maleficas
739 607 842 648 aarum
855 588 934 648 vires
946 585 1113 667 provinciis
1127 596 1160 646 et·
1171 587 1260 646 urbi·

154 672 399 752 buaspccisliter
414 671 608 750 sdscribunt,
629 682 661 734 et
674 672 831 734 duodecim
847 670 964 734 zodiaci
977 672 1069 750 signis
1079 670 1112 730 in
1131 683 1261 750 quatuor
1299 731 1303 743 ,

156 759 346 838 quadrantes
360 757 526 819 distributis
540 777 649 820 nocere
663 757 771 821 volunt
783 756 910 838 eclipses
924 757 961 816 iia
973 757 1135 838 praecipue
1153 756 1262 818 mundi
1290 751 1297 761 ’

59 865 66 900 r
155 841 319 923 partibus,
338 861 415 921 quse
432 843 582 904 subiectae
596 853 667 905 suut
686 844 772 922 siguo
785 842 870 904 cuius
882 840 914 902 in
927 842 1050 920 regione
1066 842 1184 922 eclipsis
1196 841 1260 919 fiat,

155 937 192 988 et
204 926 367 988 affectuum
387 927 463 989 vitis
474 948 532 1008 pro
547 928 666 1010 eclipsis
682 927 889 1009 magnitudine
907 926 948 988 sd
960 927 1064 1010 pluras
1083 945 1198 990 menses
1212 936 1261 988 at-

59 1040 66 1074 ;
155 1031 222 1092 quo
235 1012 324 1072 etiam
338 1032 432 1072 annos
446 1013 623 1078 extendunt.

246 1098 326 1156 Sunt
339 1099 391 1178 qui
406 1098 440 1160 in
455 1098 615 1180 eclipsibus
633 1097 781 1160 rationem
795 1099 984 1180 planetarum
997 1096 1189 1178 praecipuam
1202 1094 1261 1156 bs-

155 1179 226 1243 bem'
241 1181 363 1260 volunt,
384 1192 415 1242 et
428 1183 466 1243 iis
480 1186 609 1246 maxime
622 1182 904 1244 bominibnslabem
924 1182 1086 1243 timendam
1100 1182 1261 1260 affirmant,

155 1286 289 1347 quorum
304 1266 339 1325 in
353 1265 525 1350 horoscopo
543 1271 635 1329 iidem
655 1269 709 1350 qui
730 1268 889 1350 eclipsibus
903 1266 1097 1328 dominantur
1109 1267 1258 1348 planetae,
1274 1269 1298 1325 P
1317 1269 1370 1326 508

156 1352 335 1434 praesertim
354 1351 380 1412 si
402 1354 586 1434 malignioris
600 1364 724 1415 naturae
738 1364 824 1432 sunt,
852 1362 889 1414 ut
904 1353 983 1413 Mars
998 1363 1029 1413 ct
1043 1353 1207 1431 Saturnus,
1230 1361 1262 1413 et
1315 1413 1318 1428 ,

158 1457 179 1498 a
194 1437 269 1498 Iove
284 1435 399 1498 Venere
424 1448 455 1498 et
473 1440 625 1500 Mercurio
644 1439 693 1500 vis
715 1459 818 1500 eorum
836 1437 969 1500 malefica
983 1459 1047 1499 non
1065 1439 1259 1516 refringatur.

246 1523 324 1582 Sunt
338 1521 390 1600 qui
402 1544 460 1604 pro
474 1525 566 1586 variis
583 1523 720 1614 domibus
741 1523 934 1602 coelestibus,
963 1523 1118 1604 inquibus
1134 1524 1259 1603 eclipses

59 1678 61 1692 ἶ
80 1640 86 1649 ·
156 1603 254 1683 liunt,
276 1606 464 1686 distinguunt
484 1611 630 1670 malorum
649 1610 734 1672 varis
746 1629 854 1691 genere
868 1619 897 1670 et
913 1628 1125 1690 personarum,
1148 1608 1257 1688 quibus

59 1732 67 1772 ς
159 1712 195 1752 es
209 1692 286 1752 mala
299 1693 482 1774 impendent.
525 1696 557 1756 in
569 1716 648 1756 nons
661 1696 752 1756 domo
764 1693 1010 1776 significationem
1032 1693 1211 1754 seditionum
1225 1699 1257 1752 at

60 1820 67 1858 ι
157 1780 341 1838 mutationes
354 1778 535 1859 religionum
554 1779 620 1842 fieri
640 1790 791 1858 asserunt3
815 1781 848 1840 in
866 1781 971 1860 quinta
990 1797 1128 1860 agrorum
1144 1777 1257 1838 sterili-

158 1871 254 1939 tates,
275 1864 366 1923 lamas
378 1872 408 1922 et
427 1875 525 1946 pestes
539 1867 698 1948 portendi,
721 1865 826 1926 aulicis
841 1867 980 1926 fortunae
998 1863 1145 1940 ludibria,
1166 1881 1257 1944 prae-

63 2022 67 2029 ,
159 1946 319 2024 gnsntibus
336 1947 456 2009 feminis
476 1959 582 2031 partus
601 1950 810 2031 inlelicitateui
825 1951 975 2027 nuntiari,
997 1949 1030 2009 in
1046 1959 1150 2030 quarta
1166 1949 1257 2008 domo

159 2033 289 2092 Saturno
304 2041 334 2092 et
344 2033 439 2093 Marte
451 2055 522 2095 cum
536 2037 643 2117 eclipsi
656 2035 904 2097 convenientibus
918 2037 1072 2096 vastitates
1093 2036 1213 2094 urbium
1227 2041 1258 2092 et

58 2151 62 2167 ι
160 2115 349 2177 dominorum
361 2121 555 2179 mutationem
569 2121 740 2200 significari.
783 2131 814 2182 et
825 2119 900 2181 baec
911 2121 1041 2201 quidem}
1064 2119 1180 2200 aliaque
1196 2135 1260 2178 non

160 2201 305 2280 meliora,
327 2212 411 2262 tants
432 2205 611 2266 confidentia
632 2206 752 2286 qnidam
772 2207 989 2288 pronuntiant,
1011 2205 1097 2285 quasi
1114 2213 1197 2264 certo
1211 2204 1260 2263 lu-

159 2295 227 2346 tura
243 2296 359 2366 emant,
380 2297 412 2348 st
425 2299 486 2349 tam
501 2300 599 2352 certae
614 2311 718 2362 eorum
732 2312 839 2353 causae
853 2291 889 2351 iis
902 2291 1082 2366 creduntur,
1103 2297 1138 2348 ut
1153 2307 1259 2368 perso-

159 2393 213 2432 nas
230 2373 319 2432 etiam
341 2374 505 2454 singulares
525 2396 599 2437 sexu
618 2377 804 2458 professione
824 2386 854 2436 et
873 2377 1016 2457 dignitate
1038 2373 1164 2453 aliisquo
1185 2393 1261 2457 pro-

59 2522 60 2529 ,
158 2459 233 2541 priis
250 2458 473 2521 conditionibus
498 2462 670 2541 designent,
697 2470 728 2524 et
751 2460 829 2545 ipsis
847 2461 1021 2523 nominibus
1044 2456 1261 2544 appellare,si

59 2547 62 2617 J
158 2552 224 2603 tuto
236 2553 371 2623 possent,
392 2546 601 2626 profiteantur.

242 2626 335 2688 xvlt.
378 2630 414 2688 ln
426 2630 488 2691 hoc
499 2648 607 2709 genere
620 2630 832 2713 praefidentiae
848 2639 955 2713 peccat
968 2628 1001 2688 in
1017 2626 1123 2713 primis
1136 2627 1261 2709 Cypria·

59 2723 60 2728 ’
160 2710 379 2775 nusbeovitiua
399 2714 433 2772 in
454 2714 654 2795 descriptione
670 2725 700 2775 et
715 2715 834 2795 pictura
860 2716 1009 2797 eclipseon
1030 2733 1105 2794 quae
1123 2714 1159 2774 ab
1179 2734 1258 2775 anno

59 2811 60 2816 ’
162 2795 243 2863 1554
265 2814 362 2874 usque
384 2796 422 2855 ad
446 2801 529 2865 1605
556 2801 770 2879 contigerunt,
799 2798 854 2858 ubi
878 2820 980 2859 aarum
1011 2798 1259 2877 significationem

160 2884 248 2964 plane
267 2882 434 2943 secundum
454 2884 571 2961 regulos
593 2884 768 2963 astrologiae
790 2882 961 2944 iudiciariae
979 2881 1130 2944 describit.
1175 2880 1259 2962 qnod

162 2978 190 3027 et
203 2976 356 3048 praestant
378 2978 448 3048 post
472 2969 672 3029 Ptolemaeum
696 2968 867 3047 Cardenus,
894 2968 1069 3048 Iunctiuus,
1098 2966 1257 3046 Origanus,

161 3054 257 3113 etalii
277 3051 501 3133 ephemeridum
523 3056 704 3135 scriptores,
730 3062 765 3114 ut
786 3054 859 3114 artis
876 3052 1050 3113 iudiciariae
1071 3054 1257 3133 professores

160 3138 293 3219 plerique
307 3159 417 3202 omnes.
460 3148 565 3199 contra
580 3161 653 3219 quos
668 3140 748 3200 nihil
762 3160 816 3219 ego
832 3140 931 3199 modo.
973 3138 1104 3200 sufficiat
1120 3137 1202 3219 quod
1217 3138 1256 3199 de

160 3223 317 3305 eclipsibus
336 3222 389 3283 bic
406 3224 616 3304 pronuntiavi,
637 3246 684 3286 saa
704 3246 742 3286 ex
761 3226 927 3285 necessario
952 3235 981 3284 et
1003 3224 1091 3284 adeo
1113 3224 1254 3285 ordinato

160 3309 231 3369 solis
245 3319 276 3368 et
287 3309 375 3369 luuse
389 3329 518 3371 occursu
531 3311 583 3371 vel
596 3311 788 3392 oppositione
802 3308 954 3371 innocenti
967 3310 1104 3389 prodire,
1129 3330 1256 3390 quarum

161 3406 312 3454 auctorem
331 3397 513 3456 accusantii
532 3395 625 3476 impie
645 3399 698 3477 qui
718 3416 767 3455 eas
786 3404 834 3456 tot
854 3397 1003 3455 malornm
1024 3414 1127 3455 causas
1151 3394 1257 3455 haberi

159 3480 285 3555 volunt,
310 3489 341 3539 et
352 3500 385 3540 se
400 3480 482 3560 ipsos
494 3482 649 3564 impietate
666 3482 739 3541 artis
754 3480 874 3543 naamis
887 3491 917 3543 et
932 3480 1072 3541 humanis
1086 3479 1256 3561 divinisque

160 3563 274 3642 legibus
285 3564 463 3625 interdictae
472 3568 687 3629 contaminant.

241 3648 343 3709 Liceat
353 3649 541 3732 infidelibus,
562 3662 613 3713 snt
633 3652 768 3732 quidsit
783 3652 901 3733 eclipsis
918 3650 1135 3732 ignorantibus,
1155 3650 1256 3728 lunae,

161 3743 334 3814 inputant,
361 3735 514 3796 laboribus
529 3737 681 3817 opitulari.
722 3736 814 3797 liceat
822 3737 1032 3798 tintinnabulis
1047 3746 1080 3797 et
1092 3734 1167 3795 aeris
1181 3756 1255 3796 sono

162 3838 246 3897 quam
264 3828 392 3899 possunt
410 3820 672 3883 vehementissimo
690 3832 805 3883 terrere
823 3823 999 3898 draconem,
1027 3821 1081 3902 qui
1102 3820 1257 3885 cumluna

162 3903 359 3983 congreditur.
401 3906 491 3967 liceat
513 3907 699 3969 mulierculis
719 3908 796 3987 sagis
822 3917 853 3968 et
877 3908 1037 3980 maleficis,
1070 3924 1146 3985 quaa
1167 3906 1257 3967 lnosa

160 4007 274 4049 amores
293 3990 431 4056 ambiunt
452 4002 505 4053 aut
519 3993 656 4053 vendunt
680 3994 815 4065 levones,
837 4013 902 4055 eam
926 4014 943 4057 a
960 3992 1091 4053 tenebris
1102 4010 1258 4069 emergen-

162 4082 220 4135 tem
237 4076 288 4136 vel
302 4076 432 4137 salutare
442 4079 616 4139 redeuutem
628 4080 679 4139 vel
693 4080 881 4159 proclamare
901 4078 1067 4139 victricem.
1111 4074 1258 4136 Christia-

156 4161 207 4221 nis
219 4160 352 4221 etdeum
364 4161 586 4224 timentrbuuet
602 4164 728 4225 eruditis
742 4166 825 4224 nesae
842 4184 982 4227 accusare
1003 4162 1092 4223 deum
1111 4161 1145 4221 in
1161 4162 1258 4241 operi·

156 4246 215 4309 bus
227 4256 287 4308 tam
300 4249 463 4332 praeclaris
474 4260 505 4312 et
520 4250 661 4313 beneficis
674 4249 748 4313 solis
759 4259 791 4315 et
803 4249 894 4311 lunae
900 4292 911 4331 ,
933 4248 1132 4313 existimando
1145 4256 1257 4309 tanim
