3125 4900
417 187 566 259 unm
606 189 972 264 CHRONOLOGIGUS.
1166 197 1241 268 731

151 375 337 437 conrequene
354 357 478 419 rnorem
488 365 682 437 congregato·
700 366 802 439 patrea
817 367 951 420 maturae
969 359 1158 442 inquisitioni
1170 359 1242 422 ido-

148 462 238 502 neam
256 443 426 523 cumprime.
469 443 578 503 deinde
597 443 650 502 ubi
671 442 814 522 auffragia
835 443 869 504 iu
889 446 1069 507 Germanum
1086 448 1243 507 convenia·

85 550 87 582 i
149 537 233 604 nent,
252 547 403 588 recueaaee
422 527 523 608 iprum
547 528 703 588 admittere
724 527 886 606 honoram,
912 549 968 590 nec
987 530 1047 592 nini
1068 531 1243 609 urgentibua

149 621 183 673 et
195 613 313 692 eaepiua
332 612 447 673 iterati·
461 613 650 692 imperatoria
663 632 731 673 eum
752 613 792 673 ad
814 611 876 674 hoc
892 615 1023 694 quotidie
1035 615 1172 676 adnuntia
1193 616 1246 676 in·

84 721 90 758 r
150 697 270 756 etantiie
298 697 429 776 dunione
450 697 627 758 inclinatum
648 698 817 759 mentitae.
860 709 1014 780 praeterea
1041 701 1174 762 meminit
1200 700 1245 762 ibi

149 792 259 840 auctor
277 782 416 842 iectionia
434 783 555 843 validae
577 783 723 842 conflatae
744 783 868 844 drecnio
892 784 1071 860 faventium,
1094 806 1169 865 quaa
1181 793 1245 847 tem

86 896 90 905 ·
149 866 343 927 vehementer
361 867 525 928 invaluerit
547 887 616 928 cum
634 869 794 930 maniseetc
817 868 953 950 pericula
969 869 1105 950 publicae
1124 869 1244 950 quintia,

82 982 90 1020 ς
150 961 189 1011 ut
210 971 330 1012 neceeaa
348 951 487 1014 habuerit
507 953 672 1034 imperator
688 954 779 1034 longa
803 973 866 1014 cam
878 961 917 1015 et
937 961 1077 1016 accurata
1099 955 1245 1016 concione

83 1073 85 1106 e
151 1055 342 1116 compercere
355 1039 468 1098 conari.
510 1038 640 1117 denique
651 1048 755 1100 narrat
768 1038 870 1100 datam
885 1059 947 1099 eree
960 1057 1081 1120 operam
1094 1047 1129 1098 nt
1137 1039 1246 1118 reliqui

151 1121 319 1181 Orientalee
334 1121 537 1204 patriarchae,
559 1123 780 1184 Alexandrinae
793 1134 823 1184 et
835 1123 1049 1200 Antiochenua,
1071 1123 1246 1184 eiectionem

153 1206 271 1265 Arrenii
287 1210 464 1288 probarent3
486 1228 574 1287 quam
589 1209 705 1270 adrem
720 1210 881 1270 verisimile
894 1209 933 1269 ait
950 1209 1071 1270 miram
1086 1209 1125 1268 ed
1139 1229 1189 1270 ece
1200 1208 1246 1268 rei

151 1291 247 1350 factae
260 1293 416 1370 nuntium,
438 1302 469 1354 et
479 1301 671 1374 expectatum
682 1291 823 1355 videlicet
836 1313 938 1355 eorum
953 1313 1129 1375 reaponeum
1141 1313 1176 1355 re
1190 1293 1246 1352 ad-

150 1373 213 1436 hnc
228 1377 342 1459 integra
364 1388 433 1438 ente
452 1378 693 1456 eubrogationan
709 1379 784 1440 nori
808 1377 997 1461 patriarchae
1011 1380 1044 1440 in
1066 1379 1165 1440 locum
1183 1397 1245 1438 ex-

151 1460 242 1542 pulei.
284 1459 333 1521 luia
349 1462 385 1523 de
407 1463 505 1523 cauria
518 1463 737 1544 propenderem
752 1465 890 1544 equidem
903 1464 943 1524 ad
956 1463 1150 1526 differendam
1167 1464 1245 1524 Ger·

152 1546 234 1604 mani
256 1545 430 1607 electionem
446 1548 481 1608 in
507 1567 619 1609 anunm
640 1558 831 1628 aequentem3
863 1549 946 1630 quod
966 1569 1022 1631 per
1043 1547 1246 1610 characterem

81 1664 90 1693 r
150 1629 296 1690 hocloco
311 1643 508 1694 memoratum
525 1633 606 1695 licet.
648 1653 718 1694 nam
734 1653 828 1713 aeque
844 1633 899 1695 ilio
923 1653 1004 1694 anno
1025 1632 1135 1694 Ghn'eti
1150 1637 1243 1708 1267,

81 1702 90 1718 ³
153 1735 222 1776 cunr
237 1717 341 1795 cyclua
353 1717 424 1777 eolie
441 1718 532 1778 suerit
546 1723 586 1784 16
600 1727 631 1778 et
644 1719 734 1780 lunae
749 1725 800 1794 11,
818 1721 872 1799 qui
884 1719 959 1780 dant
970 1717 1082 1780 Paacha
1094 1723 1134 1783 17
1149 1717 1245 1796 Apri-

80 1860 81 1875 *
152 1800 209 1876 lie,
231 1801 404 1862 Pentecoete
417 1803 563 1883 pertingit
571 1803 605 1862 in
619 1823 749 1866 enarrem
761 1805 899 1880 lunium,
921 1804 1060 1885 quintum
1080 1803 1142 1864 ciue
1165 1803 1245 1864 diem

79 1883 84 1896 ’
154 1904 316 1965 occupana.
359 1887 426 1965 quia
443 1897 562 1963 umen,
583 1888 667 1967 quod
680 1888 781 1948 atatim
800 1890 1009 1965 ostendemus,
1031 1897 1113 1949 certo
1126 1893 1247 1948 conatat

154 1971 336 2031 Germanum
349 1973 474 2033 eundem
487 1972 692 2054 patriarchatu
706 1973 825 2034 ceaeieae
842 1973 891 2033 dia
907 1971 948 2040 14
961 1973 1142 2055 Septembri·
1154 1970 1246 2032 huim

154 2053 285 2114 eiusdem
306 2057 378 2116 anni
399 2062 492 2135 1267,
511 2059 594 2117 unde
613 2066 691 2118 eeaet
710 2077 895 2138 consequent
912 2078 976 2118 non
986 2059 1056 2141 plue
1069 2079 1136 2118 eum
1150 2057 1247 2121 uibar

152 2140 304 2200 mensibue
316 2161 386 2201 cum
400 2142 526 2202 dimidiu
536 2143 568 2202 in
582 2143 653 2203 aede
670 2143 852 2224 peretitieee,
872 2144 897 2204 ei
915 2163 1005 2224 quem
1017 2153 1101 2203 tanta
1116 2140 1249 2223 patrier-

154 2223 259 2284 chatne
278 2225 420 2287 Germani
439 2226 568 2288 brevitaa
584 2227 734 2306 offendet,
754 2227 866 2309 poterit
886 2228 1041 2309 iaperme
1057 2229 1177 2288 credere
1191 2246 1249 2306 pa-

80 2383 86 2397 .
152 2319 215 2368 trce
229 2312 353 2390 synodi,
374 2332 434 2391 quc
448 2321 583 2392 tempore
597 2313 713 2373 Arrenii
726 2333 846 2372 canaam
859 2321 1085 2391 cognorerunt,
1106 2309 1249 2390 disquiri-

79 2436 84 2447 .
153 2395 232 2454 rinae
249 2395 340 2456 eimui
358 2396 396 2457 de
413 2416 600 2474 succentore,
625 2398 652 2458 ei
669 2398 762 2475 forte,
785 2396 864 2478 quod
878 2417 1010 2480 prunum
1024 2399 1105 2459 iactu
1120 2413 1250 2477 appare-

78 2495 85 2532 r:
152 2478 221 2557 bat,
239 2480 293 2540 iile
311 2492 516 2556 emoreretur3
537 2502 631 2561 quare
655 2484 756 2543 atatim
777 2504 812 2542 ac
834 2486 1012 2543 eententiem
1035 2483 1068 2541 iu
1091 2481 1249 2541 Arionium

153 2564 303 2641 tulerunt,
331 2566 471 2643 auffragia
486 2568 520 2625 in
546 2567 689 2625 Germani
708 2567 886 2627 electionem
914 2566 985 2629 dere
1006 2566 1169 2646 potuerint.
1212 2565 1252 2625 de

154 2648 282 2709 conflato
303 2648 535 2709 dreanianorum
557 2649 715 2710 aohiemete
733 2650 816 2730 quod
836 2659 992 2726 narretur,
1021 2648 1195 2709 inchoatum
1216 2648 1251 2709 id

152 2733 302 2814 pendente
321 2734 436 2793 iudicio
453 2733 594 2809 Arrenii,
631 2742 784 2795 caeterum
811 2734 950 2795 sactionie
972 2732 1250 2795 corroborationem

153 2838 247 2897 unque
269 2818 308 2878 ad
333 2817 500 2901 periculum
518 2816 691 2898 publicum,
717 2818 791 2879 licet
813 2828 882 2900 poet
904 2816 1045 2879 Germani
1064 2816 1250 2880 erectionem

78 2897 80 2906 ’
131 2916 139 2925 ·
153 2903 305 2980 extiterit,
327 2924 365 2964 ex
379 2902 534 2964 ncceeione
547 2922 603 2983 per
614 2904 776 2985 prolepeim
791 2913 875 2965 antee
891 2900 1102 2981 ePachymere
1114 2900 1249 2965 relatam.

78 2981 80 3010 f
152 2998 303 3070 pontremo
317 2988 422 3050 minace
439 2988 558 3068 quidem
571 2988 672 3049 etatim
687 2990 812 3049 nuntior
823 2988 1011 3050 indicaturos
1034 2984 1250 3068 depositionem

152 3074 271 3135 Arrenii
285 3073 323 3133 ad
340 3072 576 3134 Alexandrinum
588 3084 618 3134 et
630 3073 849 3135 Antiochenam
861 3071 1055 3156 patriarchae,
1076 3070 1129 3131 aad
1144 3090 1249 3132 eorum

151 3158 281 3218 reditum
304 3160 427 3219 minime
443 3166 642 3239 expectatum.
683 3180 746 3219 non
768 3160 846 3220 enim
868 3159 916 3219 illi
937 3156 1123 3241 patriarchae
1139 3155 1251 3216 habene

152 3244 340 3324 putabantur
351 3244 385 3305 in
400 3243 454 3305 tali
468 3243 588 3323 negotio
599 3243 648 3303 ine
659 3244 810 3324 eudragiia
829 3244 943 3324 alioqui
962 3263 1002 3304 ne
1016 3241 1167 3303 damnatio
1180 3238 1251 3321 qui·

154 3328 222 3387 dem
235 3339 305 3388 ante
317 3340 425 3391 nutum
441 3350 544 3390 eorum
561 3330 751 3409 praecipitari
772 3328 938 3402 debuieeet,
967 3328 1050 3409 quod
1068 3326 1181 3387 iactum
1195 3335 1251 3385 ta-

152 3432 221 3473 men
238 3423 363 3475 conetat„
405 3435 521 3475 numme
536 3414 576 3475 ait
588 3414 620 3474 in
637 3414 735 3475 medio
746 3414 909 3493 relinquia
927 3434 976 3474 me
990 3412 1159 3494 coeperitne
1174 3410 1251 3470 Ger·
1267 3418 1291 3476 P
1307 3419 1358 3480 517

153 3498 236 3559 mani
254 3498 476 3580 patriarchetua
493 3520 572 3559 enno
594 3504 677 3565 1266
697 3520 736 3561 en
754 3498 912 3579 aequenti;
941 3498 1128 3581 propendere
1150 3504 1253 3555 tamen

153 3585 247 3660 magia
264 3584 299 3643 in
324 3604 414 3663 quem
430 3585 590 3644 maximam
610 3584 690 3644 eedia
713 3587 777 3647 eiua
798 3584 989 3660 brevitatem,
1016 3582 1122 3663 utique
1135 3580 1170 3639 in
1192 3598 1252 3660 qua

155 3667 273 3727 facilins
294 3670 441 3729 rationem
462 3669 584 3729 invenio
605 3690 661 3730 cnr
677 3670 714 3730 ab
734 3690 771 3732 ec
787 3670 911 3734 volente
925 3677 956 3731 et
968 3677 1075 3751 parate
1090 3666 1253 3749 imperator

153 3751 340 3813 anathemate
350 3754 429 3815 eolri
443 3774 475 3817 ee
485 3774 550 3815 non
563 3756 722 3817 curaverit.

239 3904 277 3965 11.
309 3906 413 3967 Finem
427 3906 649 3988 patriarchatue
662 3907 803 3969 Germani
813 3906 943 3970 einedem
957 3906 1045 3989 ponit
1056 3903 1253 3985 Pachymeree

153 3989 176 4053 l.
192 3988 256 4053 dc.
269 3994 309 4057 21
332 3991 382 4051 die
396 3992 471 4052 seete
486 3991 678 4056 exaltationia
691 4003 811 4055 unctae
831 3994 930 4053 crucia
948 4011 1049 4051 menen
1066 3988 1252 4071 Septembri;

154 4075 285 4153 quodie
304 4078 348 4135 ait
366 4076 454 4137 iilum
478 4076 652 4157 celebratis,
679 4088 717 4141 ut
728 4078 900 4141 colemnitae
914 4077 1073 4157 poscebat,
1093 4074 1204 4135 divinia
1219 4071 1254 4131 in

154 4161 267 4241 templo
282 4160 401 4242 officiis,
424 4161 480 4224 aub
493 4182 648 4245 vesperam
661 4164 846 4244 patriarchio
859 4162 1022 4235 cedentem,
1043 4160 1082 4222 ad
1098 4179 1165 4221 auae
1179 4176 1253 4239 quaa
