3125 4900
397 225 474 302 702
692 223 929 296 OBSERVAT.
955 223 1188 304 PAGHYbsER.

396 392 474 456 hora
485 391 574 454 tertia
586 399 656 473 poat
665 393 836 470 meridiem,
856 400 943 454 rento
963 391 1028 470 die,
1049 391 1185 456 ridetou
1204 397 1274 472 port
1284 389 1341 450 eiua
1354 409 1437 450 coram

396 479 509 541 tionem
521 488 552 538 et
564 479 734 541 unctionem
749 480 918 542 colemnem.

481 563 613 640 Etenim,
633 565 659 624 ai
672 566 858 624 coniecturae
870 584 931 624 non
945 561 1130 642 improbabili
1144 562 1230 621 locur
1244 561 1342 636 datur,
1360 561 1439 622 videtu

394 650 476 712 facts
489 650 642 710 coronatio
654 649 804 710 Theodori
821 651 886 729 ipsa
899 647 1022 708 solemni
1036 647 1194 706 lmtiritata
1208 647 1362 706 nativitrtia
1372 646 1440 705 Cbnu'

396 735 523 810 domini,
544 734 606 794 aive
621 744 658 794 ut
671 754 710 794 ax
722 735 788 795 luoa
802 734 861 794 diei
875 733 1078 794 celeberrime
1094 732 1192 792 aditus
1206 733 1248 794 ecl
1261 733 1392 810 imperium
1402 733 1441 790 da-

394 821 458 881 rier
472 820 622 895 existeret,
642 819 706 880 aira
720 819 835 880 atinde
849 818 995 880 felicitatis
1009 817 1163 896 augurium
1178 827 1310 878 sumeret
1322 817 1441 896 imperetur,

396 904 480 982 quod
490 905 634 983 regnandi
648 905 827 985 principium
838 905 961 969 duceret
972 903 1010 961 ab
1023 922 1057 960 eo
1071 911 1204 982 tempore
1215 923 1277 981 quo
1291 901 1441 961 Clrriataain'·

395 991 474 1050 tium
494 990 617 1050 rive'ndi
635 991 766 1070 lenierat,
787 1010 847 1069 quo
867 1007 937 1050 sana
958 987 1049 1048 modo
1064 997 1093 1046 et
1104 989 1224 1048 ratione
1239 997 1336 1066 genter
1349 997 1374 1047 et
1385 987 1442 1044 eole-

396 1075 456 1134 aiae
471 1075 666 1133 nobilissimae
680 1076 750 1135 anni
765 1075 923 1136 exordium
938 1095 955 1132 aa
970 1072 1082 1133 Christi
1095 1074 1246 1134 natalibus
1262 1073 1423 1152 auspicantur.

481 1160 560 1220 Utut
578 1161 618 1219 ait
636 1161 674 1218 da
697 1162 759 1241 ipsa
780 1169 893 1234 mente,
904 1159 1104 1238 imperatorie,
1126 1169 1206 1218 certo
1224 1163 1288 1218 eius
1302 1159 1442 1217 conulem

395 1244 587 1320 mediocriter
609 1246 731 1306 turbare
753 1244 818 1306 visa
833 1251 879 1304 eat
894 1243 1020 1324 delectio
1034 1244 1103 1303 solia
1115 1254 1180 1304 tam
1192 1244 1335 1318 insolam,
1352 1253 1399 1302 tan
1409 1243 1441 1299 dtu

397 1341 467 1412 post
483 1331 546 1389 eiua
561 1331 786 1392 coronationem
804 1333 891 1390 fucta.
932 1330 997 1391 visa
1013 1338 1057 1388 est
1073 1331 1150 1388 enim
1164 1329 1254 1390 iuxta
1269 1328 1371 1388 tabulae
1382 1337 1442 1385 astra

398 1415 531 1476 uomicas
552 1414 600 1474 dia
616 1420 658 1482 80
677 1417 853 1478 Decembris.
895 1415 959 1476 virs
970 1435 1073 1476 sereno
1088 1415 1184 1489 coelo,
1206 1414 1440 1494 prontinnuitarar

397 1509 503 1563 notata
516 1499 554 1559 ab
565 1499 705 1576 historico
719 1501 904 1581 apparitione
917 1501 1078 1562 stellarum.
1101 1501 1165 1560 riae
1173 1499 1254 1560 hora
1266 1508 1332 1579 poet
1341 1498 1440 1559 mellita

295 1593 321 1646 P
335 1590 386 1648 49⁵
402 1586 507 1662 tertia,
529 1593 600 1644 ante
617 1586 687 1645 eolis
704 1607 842 1646 occasum
864 1587 926 1648 fera
945 1587 1060 1664 integre
1081 1586 1147 1646 luce
1169 1585 1324 1645 deficiente
1328 1628 1337 1659 ,
1353 1581 1439 1642 subl

399 1671 482 1744 coelo
505 1670 643 1744 velutin
659 1664 811 1751 profunda
832 1681 921 1732 nocta
942 1679 1009 1730 toto
1031 1671 1196 1750 crepusculi
1209 1667 1439 1751 temporaindeui

398 1765 497 1818 terrae
515 1755 643 1816 tenebris
664 1757 883 1836 apparentibua.
925 1756 987 1816 visa
1003 1757 1123 1836 insuper
1138 1765 1184 1814 est
1196 1765 1283 1816 sexta
1296 1755 1339 1814 die
1349 1751 1440 1833 postia-

399 1842 545 1924 peratoria
564 1843 802 1917 coronationem,
823 1861 883 1919 quo
904 1841 1059 1920 praecipue
1078 1850 1212 1921 tempore
1233 1842 1271 1902 de
1288 1859 1320 1900 eo
1331 1837 1438 1898 entre

399 1928 500 1988 omina
516 1927 613 1987 suuni
625 1937 765 2006 arantur,
787 1947 849 1988 uon
863 1928 925 1988 aina
937 1927 1033 1989 multo
1046 1927 1077 1988 in
1091 1947 1208 1986 omnem
1221 1936 1335 2007 partem
1347 1937 1438 1993 annona,

398 2013 594 2094 agitabantur.

482 2098 546 2160 Vll.
587 2097 624 2160 Et
641 2094 713 2158 hinc
730 2106 814 2178 patet
831 2095 1023 2176 quamobrem
1037 2096 1233 2177 Paebyrneres
1245 2117 1308 2156 eam
1318 2091 1437 2170 edipaiatt

395 2185 549 2244 iuumtum
566 2184 682 2263 imperii
702 2191 876 2263 portentum
893 2182 1001 2262 inipso
1015 2181 1124 2260 aditu,
1146 2183 1178 2242 id
1195 2197 1243 2243 eat
1263 2190 1341 2242 sexta
1354 2179 1389 2238 die
1400 2179 1436 2253 pat

397 2267 547 2328 Theodori
569 2269 805 2345 coronationem,
827 2266 1071 2328 considerandam
1088 2267 1223 2342 dederit,
1244 2277 1281 2328 ut
1294 2259 1437 2345 quatiet-

394 2372 486 2414 narea
499 2354 562 2411 face
581 2362 742 2432 praeeunte
756 2373 819 2414 non
833 2352 969 2414 diuturni
981 2351 1098 2434 imperii
1111 2354 1186 2414 mala
1203 2353 1330 2413 ominosa
1344 2343 1437 2426 signitu-

395 2439 440 2498 tio
458 2445 630 2515 reparatum
651 2438 747 2515 qualit
764 2438 967 2516 augurationis
991 2445 1020 2497 et
1042 2440 1212 2520 exemplum
1232 2439 1263 2498 in
1283 2429 1435 2498 remeante

394 2522 544 2584 historicis
563 2519 757 2599 Pachymeraa
777 2542 839 2581 non
859 2542 954 2582 unum
973 2520 1096 2599 habuit,
1122 2534 1152 2583 et
1170 2524 1344 2584 recentiores
1365 2526 1435 2595 qnoque

394 2606 476 2670 idem
495 2605 632 2667 videmus
656 2604 824 2665 imitatione
847 2606 1022 2683 celebrasse,
1045 2608 1147 2669 saltem
1161 2609 1236 2669 dum
1254 2628 1291 2667 ex
1303 2598 1434 2689 elidente

394 2701 470 2756 runt
493 2690 604 2753 iudicia
624 2691 706 2770 vulgi
727 2690 884 2753 hominum
904 2692 946 2755 in,
959 2692 1032 2752 talea
1059 2693 1121 2753 lere
1147 2695 1361 2774 praesagitione
1379 2700 1435 2775 prttt

395 2777 514 2857 quoties
529 2778 613 2839 iatius
631 2776 749 2857 generis
764 2778 898 2838 coeleatia
912 2786 1053 2859 portenta
1065 2780 1121 2841 sub
1132 2781 1345 2862 principatuum
1355 2768 1434 2849 amplat

394 2864 564 2926 incurrunt

479 2948 527 3009 Ex
547 2946 608 3009 hoc
627 2956 699 3008 aunt
719 2966 827 3027 genere
852 2966 927 3027 quae
945 2947 1027 3031 apud
1048 2948 1157 3011 Iulium
1177 2947 1346 3031 Capitolium
1357 2938 1433 3001 neo·

397 3031 488 3093 diano
509 3033 610 3093 Tertio
630 3034 780 3111 leguntur.
822 3034 876 3095 ubi
895 3035 973 3095 enim
990 3034 1072 3095 hunc
1090 3034 1218 3116 coepisae
1234 3037 1363 3115 imperare
1372 3018 1435 3112 retuli

395 3112 573 3193 historicus,
600 3120 702 3179 atatim
727 3116 882 3198 adiungit:
909 3118 966 3179 aad
983 3118 1135 3181 indicium
1153 3142 1213 3181 non
1239 3120 1293 3180 daia
1311 3118 1434 3193 ruperam

399 3201 555 3284 Gordiani
565 3201 720 3281 dorsum,
740 3202 956 3285 quodecltpaia
969 3206 1219 3287 incastratura,
1242 3216 1276 3267 ut
1290 3223 1342 3263 nor
1352 3192 1434 3286 nodut-

395 3298 447 3347 tur
458 3309 553 3366 nequa
565 3290 630 3346 eine
642 3288 814 3365 luminibus
827 3294 962 3349 accensis
975 3290 1146 3371 quidquam
1159 3295 1217 3371 agi
1224 3299 1330 3371 poscet.
1363 3283 1392 3340 il!
1402 3272 1434 3341 lli

394 3373 464 3433 solis
477 3372 670 3434 delectionem
685 3374 811 3435 innuens
822 3394 899 3453 quae
910 3396 989 3437 anno
1002 3375 1113 3437 Christi
1126 3382 1202 3452 237,
1233 3382 1270 3441 12
1282 3368 1383 3451 Aprili,
1396 3360 1433 3418 lt

393 3478 461 3518 maa
476 3458 541 3518 visa
557 3456 705 3537 hodieque
721 3478 761 3517 ex
773 3460 883 3520 tabulis
900 3460 1142 3541 deprehenditur.
1183 3464 1291 3521 Sextus
1305 3459 1364 3518 item
1375 3450 1434 3507 lart-

392 3543 452 3603 lius
470 3543 572 3604 Victor
589 3562 669 3603 anuo
682 3564 714 3603 u.
729 3564 755 3603 c.
773 3548 872 3621 1062,
893 3566 963 3607 cum
977 3557 1129 3607 narrasset
1142 3567 1242 3626 pacem
1253 3548 1325 3606 inter
1336 3537 1431 3619 tuaest}

391 3630 622 3690 Constantinum
639 3638 671 3689 et
685 3628 831 3689 Licinium
848 3632 973 3707 lactem,
995 3630 1116 3692 adscitis
1131 3633 1163 3693 in
1184 3631 1350 3693 consortium
1361 3622 1432 3705 imit?

392 3715 551 3793 Caesarum
576 3714 698 3774 aomina
723 3715 880 3794 utriusque
907 3716 1007 3777 liberis
1028 3718 1132 3797 Crispo
1163 3728 1194 3778 et
1213 3698 1431 3789 eonsentimlb

391 3798 581 3861 Conatantini
591 3808 623 3859 et
633 3799 782 3860 Liciniano
797 3800 858 3861 iilia
872 3802 991 3878 licinii,
1013 3802 1162 3881 adiungit:
1184 3802 1268 3883 qued
1285 3791 1393 3880 equitem
1404 3794 1431 3874 tl?

391 3881 579 3945 diuturnum
596 3906 689 3966 neque
706 3884 757 3943 Ιώ
775 3888 833 3967 qui
846 3886 1083 3947 assumebantur
1083 3890 1168 3967 felir
1173 3872 1266 3965 for'e,
1286 3865 1430 3961 &sedauit

382 3968 513 4050 fitedato
524 3969 633 4029 iisdem
643 3968 796 4029 menibus
809 3970 1067 4055 diepatefactum.
1110 3975 1231 4055 contigit
1241 3994 1273 4033 ea
1285 3963 1376 4046 ecliptit
1384 3965 1428 4012 ”ml

390 4052 503 4113 Christi
520 4062 598 4133 317,
618 4060 661 4123 20
682 4056 859 4117 Decembris.
899 4057 944 4118 ita
958 4058 1047 4119 etiam
1061 4078 1123 4119 non
1140 4059 1182 4119 ita
1197 4052 1430 4135 νειετίρείῐῑῑῑῡιπμ

390 4147 524 4199 atrorum
543 4139 686 4202 memoria
717 4140 879 4213 observant
903 4142 1046 4204 historiae
1073 4144 1202 4205 Gallicae
1228 4144 1365 4223 scriptore
1383 4132 1427 4181 ’ΠΜ

391 4222 502 4287 casae
517 4224 611 4307 1544,
630 4244 692 4307 quo
709 4234 799 4297 oto
810 4235 855 4289 et
866 4226 1043 4293 amoro
1056 4231 1210 4295 meo
1222 4228 1346 4299 aaran
1362 4210 1428 4293 ,uro
