3125 4900
425 225 504 298 un
527 225 585 303 [Π.
623 227 988 308 (ΕΒΟΠΟΕΟΘΝΠΒ.
1182 239 1263 316 751·

490 450 505 481 ⁰
565 395 678 458 raliotie
701 396 859 478 impuberi
874 399 938 462 filio
957 399 1108 464 tatou'bue
1132 399 1257 464 Areenio

526 522 532 535 ·
565 480 736 563 poninoho
753 493 785 546 et
803 485 929 566 Georgio
944 483 1098 552 Muealone
1110 496 1258 568 protove·

563 568 678 628 atiario.

602 669 689 732 Nono
703 668 752 732 dia
766 667 805 730 ab
816 669 1003 751 imperatorie
1018 673 1120 751 obitu,
1142 675 1215 736 duna
1228 675 1256 736 ei

560 753 639 816 iuata
670 755 807 818 funebria
834 757 866 816 in
897 757 1008 836 templo
1036 759 1255 822 Soamdrorum

560 839 722 920 Magooeiee
750 839 938 918 redduntur,
971 841 1111 924 Geor-gine
1134 845 1252 907 anelo

558 933 644 986 tutor
662 926 781 986 loenuie
800 927 941 1007 principie
959 931 1135 989 cumfratre
1150 931 1252 992 Theo-

558 1009 633 1070 doro
644 1012 817 1072 trucidetur
832 1011 870 1072 ab
884 1013 1017 1072 mea-citu
1031 1013 1064 1072 in
1077 1014 1252 1078 seditionem

420 1163 425 1175 Ι
556 1096 712 1160 concitato.
743 1097 888 1178 Gregorae
899 1117 928 1176 p.
941 1102 983 1164 30
994 1108 1026 1156 et
1038 1101 1089 1162 81.
1117 1098 1250 1162 Phrene-

554 1186 635 1325 zple1
654 1178 784 1262 31).ss
826 1180 1248 1268 Paohmfueieeimeap.81

555 1286 573 1324 a
607 1267 658 1330 36.

593 1344 720 1412 Michael
747 1347 936 1431 Palaeologue
966 1349 1137 1414 declaratur
1162 1362 1249 1414 tutor

552 1435 638 1515 pueri
657 1435 818 1518 principie,
839 1447 871 1498 et
884 1435 921 1498 fit
936 1435 1001 1498 dux
1014 1459 1147 1520 megnue.
1188 1440 1249 1500 Pa-

552 1517 649 1600 chym.
665 1540 726 1603 ap.
740 1525 793 1588 38·

593 1605 676 1667 Idem
687 1607 844 1687 largitione
856 1606 911 1668 eibi
923 1606 1061 1670 conciliat
1074 1608 1175 1670 etudia
1186 1607 1246 1670 ho-

457 1757 462 1767 ,
551 1691 675 1754 minum.
715 1691 788 1756 ibid.
801 1692 886 1774 pto
899 1703 983 1772 eteq.

592 1777 718 1838 creatur
735 1778 858 1858 despota
872 1799 890 1836 e
904 1799 933 1860 p.
950 1776 992 1844 48
1007 1778 1047 1838 ad
1062 1775 1115 1845 47.

590 1862 735 1943 impetrat
755 1861 882 1942 denique
899 1883 1046 1924 nummum
1059 1863 1175 1945 imperii
1186 1858 1246 1924 ho·

548 1967 652 2008 norem
667 1968 698 2028 p.
712 1949 764 2014 48.

589 2035 734 2096 Extremo
757 2041 902 2094 autumno
920 2029 1009 2093 huiue
1023 2031 1093 2094 unni
1107 2031 1246 2110 princepe

550 2115 674 2178 Achaiae
687 2119 838 2200 suppetiae
853 2120 1004 2199 profectus
1019 2119 1057 2178 nd
1072 2116 1246 2176 Michaelem

546 2204 716 2264 Occidentie
738 2205 893 2284 deepotam
915 2203 1107 2264 rebellantem
1129 2201 1245 2282 eapitur

546 2309 563 2346 a
577 2289 703 2350 ducilm
715 2288 873 2366 Romanis,
896 2289 1008 2370 praelio
1025 2289 1123 2350 rictue
1136 2285 1245 2367 prodi-

547 2374 626 2433 tione
646 2374 765 2433 loannie
787 2373 888 2434 Nothi.
932 2372 1074 2455 Pechyrn.
1094 2394 1113 2431 a
1135 2391 1169 2453 p.
1191 2371 1246 2438 50.

545 2460 689 2541 Gregorae
702 2479 732 2539 p.
748 2459 800 2525 35.

566 2658 725 2735 ¹Kalendis
751 2658 881 2719 Ianuarii
907 2657 1033 2718 michael
1051 2658 1242 2737 Palaeologue

542 2741 600 2801 rite
613 2744 794 2802 aoclamatur
807 2744 981 2823 imperetur,
1003 2742 1112 2820 college
1126 2742 1241 2821 prinoi-

537 2827 587 2905 -pie
599 2827 703 2907 pupilli
717 2827 802 2885 cuiue
816 2835 881 2887 erat
893 2836 984 2887 tutor.
1005 2825 1144 2906 Pachyni
1150 2846 1179 2905 p.
1188 2832 1239 2892 61.

543 2912 687 2991 Gregorae
702 2911 788 2971 initio
802 2910 822 2971 l.
836 2912 898 2991 4p.
908 2915 960 2977 36.
980 2910 1238 2992 Acropolitaffiat.

541 3018 570 3057 n.
583 2998 625 3063 77
639 3019 670 3078 p.
684 3000 734 3065 89.
777 2996 938 3056 Phrentzee
955 3001 973 3062 1
989 2995 1010 3059 4
1024 3016 1055 3077 p·
1071 2997 1124 3061 43.

580 3096 709 3159 Michael
728 3099 897 3161 Occidentis
918 3098 1055 3177 deepota,
1078 3098 1195 3159 auxiliis
1218 3120 1236 3160 e

538 3182 695 3246 Manlredo
726 3204 835 3265 genero
864 3202 932 3263 roge
956 3184 1069 3243 Siciliae
1098 3186 1235 3265 acceptia,

539 3271 687 3331 Romanoa
711 3270 752 3331 ed
776 3268 997 3349 lricoryphum
1017 3269 1080 3329 acie
1096 3270 1190 3331 vincit
1205 3280 1236 3330 et

537 3355 690 3417 Caesarem
715 3354 855 3417 Alexium
880 3354 1122 3436 Stretegopulum
1145 3356 1234 3438 cepit.

534 3436 708 3520 Pachym.1
725 3445 777 3507 32.

578 3540 699 3603 dlexiue
722 3544 828 3607 Gaeaar
849 3542 935 3605 brevi
955 3542 1030 3603 liber
1043 3541 1178 3603 diminue
1194 3540 1235 3601 ad

533 3626 738 3707 Palaeologum
751 3628 964 3711 imperatorem
977 3628 1066 3689 redit
1092 3624 1233 3707 Pachym.

574 3798 766 3878 Palaeologue
783 3798 919 3861 nondum
933 3806 1093 3859 coronatus
1105 3794 1231 3855 limitem

531 3882 715 3943 orientalem
728 3883 799 3944 vicit
816 3892 847 3944 et
860 3904 941 3944 orcae
954 3882 1109 3965 praesidiis
1121 3882 1230 3955 firmet,

531 3986 603 4027 ueue
629 3968 670 4026 ad
693 3967 752 4028 hoc
781 3970 905 4029 coneilio
935 3978 964 4027 et
988 3988 1077 4048 opera
1098 3965 1230 4025 Chadeni

531 4052 611 4131 apud
633 4052 730 4133 ipsum
749 4054 885 4133 gratioei,
914 4054 966 4113 ned
991 4055 1022 4113 in
1050 4051 1228 4131 ecquidem

531 4138 648 4216 negotio
668 4159 775 4217 parum
795 4138 932 4220 providit
954 4158 992 4198 ex
1012 4137 1049 4198 iia
1062 4136 1139 4197 enim
1154 4154 1229 4212 quea

529 4232 603 4284 tunc
622 4223 686 4316 egit⁸
699 4234 801 4285 eecute
823 4224 931 4289 deinde
948 4234 993 4287 eet
1013 4224 1127 4286 arcium
1146 4222 1226 4282 illiue
