3125 4900
334 325 394 392 DE
415 323 623 392 MICHAELE
646 321 928 393 PALAEOLOGO
955 327 990 394 L.
1012 325 1069 395 vl.
1187 321 1261 400 461
1289 388 1299 407 .

152 500 238 591 plrpr
256 492 426 586 corridum
444 495 557 583 δλογον
576 503 641 564 τῶν
663 491 879 584 κρατούντων,
906 495 986 563 καθ’
1002 493 1040 582 ἢν
1062 496 1119 584 τὴν
1133 499 1190 582 μὲν
1204 525 1261 565 συ-

154 604 326 692 κοφαντίαν
347 603 461 668 ἰᾶσθαι
482 603 534 667 καὶ
552 600 606 666 adn
626 596 916 688 συκοφαντούμενον
935 597 1067 687 ῥύεσθαι
1088 609 1143 667 τοῦ
1156 599 1303 668 aradii-0

154 733 212 775 νου
220 757 231 788 ,
258 701 458 793 συκοφάντην
475 705 510 770 δὲ
523 703 604 788 μηδ’
620 701 763 771 ὁπωσοῦν
781 711 1004 787 τιμωρεῖσθαι,
1032 704 1089 771 κᾶν
1105 731 1264 794 συκοφαν-

156 811 225 895 τοίη
241 809 281 875 τὰ
296 809 412 893 δ’σχατα
420 857 430 888 ,
452 807 612 873 τέτακται·
636 806 790 893 μηδὲγὰρ
807 805 931 875 εἶναιτὸ
950 807 1068 893 «inquio
1083 815 1128 900 api
1142 815 1269 891 βασιλεῖ’

12 943 16 957 ·
129 908 351 997 ὁμανδύνειν,
379 910 457 978 ὅπου
477 916 523 1002 τῷ
538 909 581 995 μδ
597 909 789 988 δουδιύξοντι
805 913 945 976 κίνδυνον
967 913 1111 998 ἒφῆφθαι
1129 915 1263 1004 ξυμβαί-

157 1044 217 1084 νοι.
268 1013 365 1082 ταῦτ’
388 1013 451 1099 ύρα
472 1017 523 1080 καὶ
546 1013 590 1100 μὴ
608 1008 727 1094 δνύων,
756 1017 807 1079 καὶ
828 1019 948 1098 μᾶλλον
968 1013 1090 1100 ἀφιέναι
1111 1016 1148 1082 ad
1169 1027 1261 1081 πταΐ-

158 1145 228 1200 σμα
241 1115 532 1204 παρακαλούμενος,
558 1119 688 1203 μίμησιν
702 1117 838 1204 φύρονται
853 1123 909 1184 τοῦ
924 1121 1085 1206 Χριστοῦ,
1111 1117 1170 1203 τὴν
1183 1115 1262 1204 πρύ·

159 1229 269 1306 κλησιν
290 1223 407 1306 dixerut
416 1270 426 1302 ,
453 1223 504 1286 atui
525 1219 598 1308 ἕκτη
614 1225 827 1298 Ποσειδεῶνος
842 1219 903 1288 dub
920 1227 1049 1314 λαμπρᾷ
1068 1229 1106 1310 τῇ
1122 1222 1261 1309 δορυφο-

160 1327 214 1419 pip
232 1331 440 1411 συγκλητικῶν
452 1350 486 1390 τι
498 1321 565 1407 ipo
582 1327 633 1390 καὶ
648 1325 914 1408 δκκλησιαστικιῦν,
930 1331 986 1410 τῆς
999 1324 1096 1408 αὐτῆς
1109 1327 1260 1392 indentari-
1278 1337 1303 1396 u

114 1449 152 1505 10
160 1453 213 1506 νος
221 1479 232 1508 ,
260 1427 414 1515 ἀνάγεται.
465 1426 536 1496 τύτε
554 1426 807 1511 συμπλασιύμτνοι
821 1425 949 1514 γράμμα
964 1433 1020 1512 τῆς
1035 1428 1113 1514 πρὸς
1129 1429 1184 1495 νύν
1200 1425 1262 1494 πύ-

158 1559 222 1600 παν
235 1531 402 1618 ἀπολογίας
427 1530 617 1621 (Ούρβανδς
631 1533 666 1596 di
680 1529 749 1597 τύτε
764 1524 824 1618 ἦν)
850 1537 977 1609 πολλοῖς
992 1533 1049 1614 μὲν
1064 1529 1263 1619 ῦπογραφαῖς

158 1633 237 1721 μήτ’
254 1634 353 1703 ὄντων
369 1631 541 1702 ἔπισκύπων
556 1631 635 1719 μήτ’
657 1637 829 1702 ἐπισκοπῶν
844 1633 962 1716 σύσιῦν,
989 1641 1047 1728 μιᾷ
1062 1637 1113 1701 καλ
1127 1643 1167 1723 τῇ
1181 1633 1262 1724 αὐτῇ

160 1849 224 1910 λων
244 1845 527 1929 κατησφαλύζοντο,
554 1843 581 1908 ai
603 1842 660 1924 μδν
681 1843 732 1906 καλ
750 1840 927 1930 πατριύρχη
947 1843 1078 1922 δοκοῦν,
1105 1840 1161 1908 ούκ
1177 1839 1259 1923 οῖδα,

118 1957 153 2015 1⁵
163 1947 238 2024 uiroc
252 1945 289 2012 dt
302 1971 336 2032 γε
352 1947 403 2010 καλ
424 1949 494 2010 λίαν
511 1949 557 2034 r‘pi
570 1949 709 2027 βασιλεῖ,
738 1943 841 2031 φύρων
853 1948 967 2022 πίστεις
981 1943 1199 2036 προνοουμένῳ
1215 1947 1263 2016 dui

159 2055 202 2138 τῇ
215 2055 278 2116 τῶν
292 2051 460 2136 ἐκκλησιῶν
477 2044 631 2133 nundinia
643 2047 729 2136 παρὰ
742 2045 917 2116 δοκούντων
938 2053 1060 2116 πολλῶν
1076 2051 1128 2115 καλ
1143 2045 1215 2115 κατ’
1230 2050 1263 2113 δ·

160 2315 206 2373 tia.
241 2314 275 2371 ad
290 2313 358 2387 quod
376 2330 432 2368 cum
448 2311 517 2367 idem
534 2319 720 2385 eoureqneuter
735 2319 890 2381 vomatur,
919 2316 1044 2369 renuebat
1066 2313 1189 2386 obrequi,
1216 2329 1265 2384 po-

160 2385 261 2442 rtuiaur
278 2386 349 2457 prior
367 2383 436 2438 affici
452 2383 543 2455 ponda
559 2385 674 2450 matitia,
690 2385 735 2457 qui
753 2403 781 2440 ae
796 2383 949 2440 oalumuiore
965 2384 1120 2439 criminando
1135 2383 1264 2437 traduxir·

159 2462 229 2511 aaut.
265 2472 354 2509 rerum
370 2455 398 2513 id
414 2471 491 2524 poree
506 2453 640 2524 impetrari
656 2454 689 2508 ab
704 2454 859 2526 imperatore
877 2456 1028 2526 rperandom
1045 2472 1095 2508 nou
1113 2459 1184 2509 erata
1203 2470 1266 2507 eau-

162 2526 270 2581 aabatur
286 2526 353 2577 euim
370 2524 414 2577 ilie
431 2540 461 2577 aa
479 2521 506 2575 id
523 2524 611 2576 iacere
628 2524 742 2596 nequire.
776 2525 882 2580 tenebat
906 2524 1028 2577 videlicet
1045 2524 1174 2579 mordiour
1191 2522 1266 2576 iuve-

162 2602 274 2648 teratum
298 2593 326 2646 iu
348 2594 413 2647 aulir
430 2608 524 2646 morem
542 2592 684 2647 delatione·
701 2594 741 2647 uui
791 2594 890 2649 uemodi
906 2593 975 2647 inter
992 2592 1150 2665 principatur
1167 2594 1265 2647 inrtru-

164 2675 251 2717 menta
268 2663 402 2727 contendi,
429 2668 457 2714 et
472 2660 511 2715 ric
528 2662 670 2715 euomuiae
684 2664 775 2716 medea
794 2664 817 2730 i,
842 2680 898 2715 cum
916 2662 1083 2731 regnantibus
1100 2662 1203 2732 expedit
1220 2664 1266 2715 aui

163 2732 244 2797 libet,
272 2737 301 2785 ut
317 2732 443 2785 eximatur
459 2730 560 2800 quidem
578 2730 690 2800 periculo
706 2734 773 2784 maie
790 2732 906 2801 cuipatur
923 2731 1026 2796 iurant,
1054 2732 1158 2802 impune
1180 2734 1264 2784 autem

164 2800 266 2855 omuino
283 2802 351 2854 ierat
366 2801 467 2871 iniquae
485 2808 619 2853 accurator
636 2800 798 2870 quantumvir
814 2800 895 2855 iaiaae
913 2808 992 2869 atque
1009 2799 1163 2870 impudentia
1179 2798 1265 2851 criud-

164 2870 280 2925 uatiouir
308 2870 399 2925 τοαΙστ.
434 2868 477 2922 cui
504 2868 635 2937 flagitioao
663 2868 754 2923 abuaui
784 2867 852 2923 inauc
879 2868 962 2923 rolant
990 2884 1092 2921 murum
1115 2866 1265 2931 obtendere,

158 2938 232 3011 -quod
251 2938 332 2993 omnir
347 2954 407 3009 rpea
424 2955 456 2991 ac
471 2937 582 2991 iacuitar
599 2936 708 3008 principi
730 2936 876 3023 eriperetur
891 2936 1061 3005 oopnoacendi
1078 2936 1216 3019 quidquam
1230 2935 1263 2989 de

164 3008 392 3063 machinationibus
417 3006 540 3073 ocauitia,
565 3024 632 3076 quae
652 3014 742 3059 contra
763 3022 847 3077 iprum
862 3012 908 3059 aut
924 3004 1103 3075 rempublicam
1126 3004 1185 3057 iniri
1201 3022 1263 3057 con·

165 3078 293 3147 tingeret.
319 3076 439 3145 tigrani
463 3074 578 3147 periculo
601 3076 794 3129 deterrerentur
810 3076 842 3129 ab
860 3074 975 3128 audenda
992 3073 1182 3127 denuntiatione
1199 3090 1263 3144 qua·

164 3149 311 3232 lenonumque
329 3147 463 3200 delatorea
498 3162 560 3214 ergo
583 3144 723 3215 imperatur
740 3153 826 3199 centua
843 3142 973 3198 convictor
990 3144 1051 3196 licat
1067 3143 1265 3197 calumniatorer

165 3232 215 3270 non
233 3214 339 3280 nicarei,
364 3215 418 3285 egit
433 3214 489 3285 ipae
506 3232 562 3267 curn
579 3216 681 3279 Vacuo,
697 3231 793 3284 roganr
810 3216 887 3267 etiam
904 3222 931 3266 at
950 3232 983 3265 ue
1000 3212 1091 3276 etiam,
1109 3213 1265 3266 condonaret

165 3286 197 3339 iia
213 3302 304 3338 noxam
322 3284 438 3353 exemplo
456 3282 562 3337 christi.
595 3301 643 3337 neo
658 3284 703 3337 iiia
719 3284 752 3339 ad
769 3292 910 3337 extremum
927 3301 943 3338 a
961 3282 1029 3346 nuit;
1046 3288 1074 3335 et
1085 3298 1204 3336 moneor
1214 3280 1264 3335 iam

166 3355 256 3408 rtudiir
272 3361 420 3407 cunctorum
438 3354 480 3405 die
496 3360 571 3406 τοττι
588 3352 682 3406 meuair
698 3352 940 3423 Augurtiyaiuadem
957 3350 1115 3414 indictioni,
1132 3350 1265 3421 apleudido

165 3424 291 3477 deductor
307 3424 428 3476 comitatu
444 3432 590 3477 renatorum
607 3430 635 3475 et
651 3422 775 3477 eooleriu
792 3438 940 3492 procerum,
967 3420 993 3474 in
1017 3420 1137 3490 paiatium
1154 3420 1267 3490 patriar·

166 3494 231 3548 obae
248 3492 341 3546 iterum
358 3492 463 3545 roiemui
481 3492 533 3545 ritu
550 3491 665 3545 invector
682 3501 730 3545 ert.
764 3492 824 3544 binc
846 3489 896 3545 iam
919 3492 980 3545 data
998 3500 1039 3543 ert
1056 3506 1135 3560 opera
1161 3490 1266 3543 conciu-

166 3561 250 3616 uaudo
264 3562 362 3631 rcripto
379 3578 429 3645 quo
447 3578 530 3631 papae
544 3560 589 3631 (ir
607 3567 670 3613 tuuc
686 3566 744 3615 erat
759 3560 901 3627 Urbanur)
923 3576 1002 3631 rupar
1018 3556 1145 3612 mandatio
1162 3574 1209 3626 per
1226 3558 1266 3611 le-

166 3639 242 3700 gator
259 3630 411 3684 renuntiatur
427 3630 576 3685 ratiriieret
611 3631 678 3684 bunc
698 3629 809 3684 libellum
832 3628 985 3684 rtuduerunt
1001 3628 1135 3682 ambitiora
1152 3624 1266 3680 aubruri-

168 3700 283 3771 ptiouum
300 3716 394 3771 pompa
410 3700 602 3764 commendatae
632 3700 659 3752 iu
674 3718 725 3770 quo
742 3700 834 3753 muitor
850 3716 898 3769 pru
920 3698 1047 3769 epiecopir
1070 3697 1204 3749 obtrurera
1221 3692 1267 3765 qui

169 3785 218 3821 uec
239 3769 348 3821 ordinati
369 3786 480 3837 uuquam
503 3771 606 3823 inerant
629 3768 656 3821 in
673 3769 750 3822 iatum
766 3769 890 3837 gradum,
915 3784 962 3821 neo
979 3784 995 3820 a
1012 3766 1104 3837 quibua
1121 3764 1267 3819 denomina-

169 3838 263 3890 bnutar
279 3838 352 3903 ioca,
376 3838 541 3908 epiecopatur
556 3837 657 3891 titulum
675 3838 775 3891 aliunde
799 3835 943 3891 habuerant
978 3852 1035 3889 uam
1053 3852 1069 3888 a
1086 3832 1198 3899 librarii,
1221 3831 1267 3903 qui

169 3904 292 3974 eedptum
308 3907 356 3960 boc
371 3907 507 3971 formavit,
529 3923 620 3971 mauu3
649 3922 718 3978 quaa
734 3906 810 3960 etiam
829 3906 901 3959 uaria
918 3906 1011 3976 peritia
1028 3902 1212 3972 chirograpbor
1227 3902 1268 3955 ei·

167 3974 283 4043 fingendi
305 3977 338 4029 de
361 3994 407 4029 ruo
433 3975 532 4031 addidit
548 3975 648 4030 nomina
665 3976 842 4046 plerorumque
857 3974 910 4029 illie
925 3974 1123 4042 rubrcriptorom
1140 3976 1269 4043 umquam

116 4044 120 4049 ’
168 4045 203 4098 ab
221 4043 287 4112 iprir
302 4045 424 4098 uidelicet
440 4046 532 4116 perita,
549 4060 607 4099 eum
622 4062 725 4115 quoque
740 4045 768 4099 iu
785 4061 914 4097 numeru·
933 4056 1075 4112 congerent
1085 4040 1176 4093 multoe
1194 4056 1209 4096 a
1224 4056 1268 4094 aa·

168 4112 221 4166 aria
243 4113 384 4168 homiuibna
405 4116 475 4169 fama
494 4114 621 4180 iiiurtree,
647 4121 676 4167 ut
691 4122 765 4168 tanto
781 4112 878 4167 certina
894 4112 1091 4183 perauaderetur
1102 4110 1175 4232 'im
1192 4109 1267 4164 obta-

167 4182 240 4236 baut
275 4182 341 4237 baec
366 4198 400 4237 au
424 4184 525 4239 οοοταίο
545 4182 695 4254 patriarcba
719 4184 758 4237 ric
781 4190 841 4237 acta
863 4183 928 4245 rint,
959 4180 1027 4234 baad
1051 4194 1109 4247 equi
1128 4196 1167 4233 em
1183 4178 1266 4232 habeo

167 4256 333 4322 eompertmm
366 4252 530 4323 imperatoria
552 4252 746 4306 aemulationem
762 4251 788 4306 in
805 4252 855 4306 boc
870 4251 997 4323 quandam
1013 4248 1104 4314 rideo,
1130 4247 1265 4303 ambitiora

167 4320 992 4394 comtimaquaraeoaalatiuiareraocleriaaiiraeouram.
1025 4316 1265 4375 cumauimiuiu·
