3125 4900
584 369 717 443 uult
753 372 907 443 NOTAE.
1212 375 1286 446 643

194 555 295 620 pressa
313 545 400 614 sunt,
420 507 561 598 mendum
580 535 660 596 inest
679 557 742 596 non
764 533 899 598 dubium.
940 538 1013 618 quid
1035 540 1112 601 enim
1129 541 1200 602 illuc
1214 543 1287 605 iacit

195 643 258 684 vox
274 616 454 686 dictoriam
472 623 573 682 locum
588 642 736 702 occupans
749 624 904 700 vocabuli,
924 625 1005 702 quad
1019 628 1197 706 respondeat
1210 649 1284 708 par·-
1341 629 1346 642 ’

195 707 297 786 ticipio
316 700 535 781 ναταοτάντοςῖ
576 715 658 767 recte
675 708 766 786 igitur
786 717 872 766 etex
889 709 1017 786 meliori,
1039 715 1161 790 opinor,
1182 733 1284 774 exem-

194 792 271 872 plari
280 813 337 872 pro
349 787 530 854 ὑπνούντοτν
546 791 704 851 Vaticanus
715 792 803 871 ponit
812 787 996 872 πνεύματος,
1018 813 1104 856 sensu
1116 798 1172 856 ism
1184 800 1284 880 plano,

195 897 284 955 quem
297 886 327 934 et
343 893 396 935 nos
411 877 443 936 in
458 878 702 956 interpretatione
714 877 875 936 tenuimus.
916 897 990 955 quae
1005 892 1170 955 sequuntur
1184 887 1215 944 in
1225 885 1285 945 iis-

196 963 264 1022 dem
286 961 374 1024 codd.
392 963 416 1021 B
436 971 468 1022 ct
488 963 531 1036 A,
553 962 738 1042 desperatam
759 961 985 1040 perplexitatem
1006 961 1129 1042 habent,
1153 975 1284 1046 auctore,

194 1056 231 1107 ut
251 1047 340 1121 solet,
361 1056 422 1106 tam
441 1047 473 1106 in
492 1047 608 1106 delectu
623 1067 712 1126 quam
729 1046 763 1104 in
787 1046 979 1106 collocatione
992 1049 1151 1109 verborum
1167 1054 1285 1116 obviam

194 1132 364 1192 facilitatem
376 1131 479 1191 sedula
493 1133 630 1210 fugiente.
671 1131 828 1191 Vaticanus
842 1151 877 1190 ea
894 1133 1067 1210 compendio
1080 1143 1111 1194 et
1124 1137 1231 1196 clarius
1246 1139 1285 1198 de

194 1237 249 1278 suo
271 1217 437 1296 exprimens
454 1219 498 1277 sic
511 1217 618 1277 babet:
639 1209 693 1280 εἴτ’
717 1211 771 1279 loir
793 1241 821 1278 τι
841 1216 911 1297 περὶ
933 1213 970 1279 rol
989 1215 1122 1298 αἰσθητοὶ
1142 1224 1285 1302 συμβαίη,

196 1299 240 1382 pei
252 1298 451 1376 καταστάντος
463 1300 539 1366 κατὰ
552 1297 653 1383 χώραν
667 1305 724 1364 τοῦ
735 1295 914 1380 πνεύματος,
929 1302 957 1364 el
968 1299 1023 1382 pia
1036 1298 1148 1383 ὁμαλόν
1161 1305 1285 1370 ἐστικαὶ

194 1393 257 1450 'suiv
277 1382 425 1467 συνήθων
436 1385 471 1451 ed
486 1382 781 1468 ἆντιλαμβανόμτνον
798 1386 910 1466 αἴφνης
929 1381 1094 1464 οἷκονσθὲν,
1119 1383 1158 1452 osi
1178 1396 1287 1454 τοσοῦ-

195 1495 250 1536 τον
260 1475 376 1578 γίνεται
390 1469 425 1537 sei
438 1468 550 1554 βλάβος
563 1472 633 1552 περὶ
647 1467 682 1536 sd
695 1465 874 1552 λογιστικόν.
916 1471 944 1532 εἰ
957 1469 990 1534 δὲ
1002 1470 1135 1555 λυπηρὸν
1147 1471 1170 1554 ἢ
1182 1470 1286 1558 χάριεν

195 1553 229 1621 τὸ
248 1553 544 1638 αντιλαμβανόρενον
565 1551 679 1629 εὐθέως
698 1550 852 1619 ἆκονσθὲν
869 1551 951 1636 παρὰ
972 1562 1072 1622 πᾶσαν
1089 1563 1285 1639 προσδοκίαν,

193 1642 447 1724 τεθορυβημένον
458 1648 518 1706 τοῖν
530 1637 704 1720 αἰσθήσεων
718 1640 858 1720 ἔκπληξιν
872 1634 1074 1723 ἐνεργάζεται.
1102 1646 1143 1702 ita
1153 1647 1203 1704 ille
1216 1665 1287 1706 mu-

195 1737 264 1787 tans
276 1740 305 1786 et
320 1725 498 1788 contrahens
513 1749 569 1810 pro
582 1725 717 1785 arbitrio.
759 1746 814 1784 nos
830 1735 981 1786 auctorem
993 1727 1092 1806 ipsum
1103 1729 1287 1807 exhibemus,

194 1825 225 1872 et
236 1834 324 1894 quam
338 1813 504 1873 fidelissime
518 1833 554 1872 ac
565 1810 723 1888 clarissime
737 1831 879 1870 conamur
891 1809 1026 1872 reddere.

278 1920 308 1979 p.
325 1903 385 1963 160
401 1918 432 1959 ν.
445 1903 496 1965 20.
534 1909 700 1976 postquam
710 1893 768 1954 dtu
781 1897 892 1954 clausa
902 1909 1111 1974 permanserat
1124 1911 1232 1979 aperta
1243 1911 1288 1960 est
1303 1901 1325 1956 Ρ
1341 1901 1394 1958 450

192 1995 285 2063 porta
303 1983 417 2042 Aur-en.
459 1983 502 2042 sic
516 1981 700 2041 reddidimus
711 1981 793 2058 quod
805 1981 837 2039 in
852 1981 963 2040 Graece
978 1982 1099 2060 legitur,
1121 1981 1244 2062 ἤνοτκτο
1263 1985 1287 2068 η’

194 2068 304 2148 χρυσέα
322 2061 403 2146 πύλη
421 2068 534 2148 χρονία.
574 2066 618 2126 ita
642 2065 721 2124 clara
739 2065 912 2144 exprimunt
934 2068 1037 2144 optimi
1057 2067 1145 2128 codd.
1162 2070 1188 2128 B
1204 2073 1235 2130 et
1248 2072 1285 2131 A.

194 2153 355 2213 Vaticanus
368 2162 466 2212 autem
480 2171 536 2232 pro
547 2152 652 2232 χρονία
664 2151 750 2229 ponit
762 2145 858 2230 μόλις.
901 2153 981 2212 unda
996 2152 1193 2213 intelleximus
1209 2156 1287 2214 velle

192 2248 347 2298 auctorem
364 2236 526 2315 significare
545 2244 614 2315 post
631 2235 750 2312 longam
766 2235 893 2313 denique
909 2237 1143 2316 expectationem
1159 2241 1288 2318 patuisse

193 2323 259 2382 illas
274 2323 327 2382 diu
339 2321 489 2382 obseratae
500 2322 588 2386 sores.
629 2339 712 2380 more
726 2319 864 2380 videlicet
877 2341 1050 2401 pomparum
1064 2322 1284 2399 solemniorum,

194 2409 320 2487 quibua,
341 2415 377 2467 ut
399 2406 598 2468 Tertullianus
619 2403 657 2465 de
678 2405 826 2484 mysteriis
845 2407 949 2468 scribit
959 2407 1045 2467 initio
1059 2407 1128 2469 libri
1144 2409 1287 2471 adversus

193 2493 431 2567 Valentinianos,
452 2496 631 2553 cruciantur
649 2489 774 2565 aditum
796 2491 878 2570 quod
895 2494 999 2553 resciri
1018 2502 1117 2573 potest
1137 2494 1177 2553 ad
1187 2514 1288 2555 moras

192 2580 225 2643 in
236 2578 382 2642 vestibulo
393 2577 590 2640 haerentium.
632 2577 721 2657 paulo
735 2585 803 2656 post
814 2576 892 2636 idem
906 2588 1052 2639 memorat
1062 2582 1201 2659 suspiria
1209 2602 1288 2660 por-

193 2676 314 2738 tarum,
333 2664 418 2723 iuxta
435 2664 591 2725 lectionem
610 2661 764 2720 cuiusdam
788 2662 898 2721 codicis
919 2683 980 2721 nou
997 2682 1207 2742 usquequaque
1221 2666 1287 2724 sor·
1359 2668 1363 2679 “

193 2748 279 2809 uada
294 2748 533 2827 improbabilem,
554 2745 609 2805 etsi
626 2744 735 2803 merito
756 2744 814 2803 viri
835 2744 915 2805 docti
935 2746 1130 2825 praetulerint
1148 2752 1288 2827 suspiria

194 2845 390 2913 epoptnrume
410 2851 481 2891 nam
493 2830 589 2889 rideri
604 2828 704 2907 potuit
716 2828 793 2887 velle
811 2838 916 2889 auctor
935 2830 1100 2909 exprimere
1115 2850 1286 2910 suspensam

194 2916 429 2997 inquietudinem
446 2915 666 2995 expectantium
683 2912 724 2972 ad
742 2920 844 2991 portas
858 2922 889 2972 et
903 2913 943 2973 ad
961 2923 1094 2993 optatam
1109 2934 1213 2975 sorum
1230 2936 1287 2995 pa·-

193 3003 384 3065 tefactionem
405 2998 626 3079 suspirantium.
667 2997 809 3058 admonet
826 3008 940 3074 autem,
961 3006 1128 3079 opportuna
1147 2999 1187 3059 ad
1205 3001 1289 3079 quod

195 3089 335 3164 dicimus,
361 3096 462 3147 noster
484 3086 692 3165 imperatorem
720 3083 861 3163 peculiari
880 3083 980 3145 studio
1004 3094 1175 3145 curassent
1196 3105 1287 3163 quam

194 3176 324 3235 manime
340 3180 463 3251 augum
479 3179 639 3247 sanctaque
652 3168 727 3228 haec
743 3169 908 3241 ceremonia
922 3169 968 3231 sui
984 3168 1120 3229 solemnis
1134 3164 1169 3230 in'
1179 3172 1285 3231 urbem

193 3260 304 3338 regiam
315 3258 462 3335 ingressus
474 3255 622 3314 evaderet.
664 3273 753 3331 quam
765 3254 799 3313 iu
810 3274 873 3314 rem
888 3254 967 3315 inter
983 3264 1098 3316 caetera
1113 3256 1285 3317 diuturnam

191 3346 278 3405 istam
291 3341 428 3401 adhibuit
439 3360 553 3401 moram
566 3346 671 3420 portes
683 3338 799 3399 Aureae
810 3339 995 3419 aperiendae,
1014 3350 1082 3401 ante
1095 3360 1185 3419 quam
1200 3340 1286 3401 slau-

193 3451 255 3489 sam
282 3428 486 3507 persistentem
515 3426 629 3503 aliquot
650 3424 713 3483 dies
733 3442 802 3483 cum
829 3425 1140 3504 contracambium,
1166 3434 1196 3487 et
1218 3427 1284 3505 ipso

192 3512 382 3593 triumphalis
399 3510 539 3571 introitus
558 3530 619 3570 non
640 3516 708 3569 ante
727 3508 880 3569 meridiem
897 3510 988 3589 pandi
1008 3511 1121 3585 voluit,
1142 3520 1178 3571 ut
1195 3510 1285 3591 paulo

192 3609 262 3681 post
280 3599 399 3658 dicitur.
440 3615 497 3655 nec
512 3603 557 3655 est
575 3593 747 3655 incredibile
756 3604 873 3655 mntem
887 3616 904 3653 a
917 3594 1058 3657 Michaile
1069 3596 1284 3656 solemnitatem

192 3688 226 3745 in
247 3704 301 3745 suo
319 3682 378 3742 isto
400 3698 453 3759 per
475 3690 595 3759 portam
614 3680 742 3761 Auream
762 3682 895 3760 ingressu
914 3682 1094 3755 affectatam,
1115 3679 1196 3758 quod
1218 3698 1286 3740 eam

192 3769 249 3828 sibi
264 3767 364 3828 adhuc
379 3766 502 3825 lactenti
517 3764 700 3844 praedictam
713 3764 858 3839 audisset,
879 3774 1020 3827 sanante
1031 3767 1087 3846 ipsi
1099 3764 1221 3843 Eulogia
1233 3784 1285 3825 so-

191 3872 271 3915 rore.
312 3852 382 3913 ride
392 3870 455 3911 rem
470 3849 647 3929 descriptam
659 3869 748 3929 supra
760 3869 791 3929 p·
804 3855 865 3917 128
877 3870 907 3913 v.
924 3858 973 3919 11.

276 3957 306 4019 p.
322 3942 381 4002 163
398 3956 428 3998 v.
443 3940 473 4001 9.
515 3956 593 4015 quoe
605 3936 754 3993 adlatrari
765 3956 834 3994 cum
849 3946 1037 4016 apparerent.
1079 3934 1121 3995 sic
1134 3934 1283 4015 expressi·

192 4042 260 4083 mus
279 4022 362 4102 quod
383 4021 493 4080 Graece
510 4020 643 4095 ἐκείνους
659 4012 943 4100 d'eilensooulnooc
955 4026 998 4105 τῷ
1011 4013 1131 4097 πλήθει.
1175 4040 1284 4097 quam-

192 4128 283 4187 quam
296 4128 356 4167 non
371 4105 538 4180 dissimulo,
562 4124 600 4165 ex
611 4125 671 4182 quo
683 4104 742 4164 iam
754 4103 828 4164 haee
841 4104 883 4165 sic
897 4114 982 4167 erant
996 4104 1092 4181 edita,
1114 4104 1285 4165 observasse

190 4213 239 4255 ms
253 4194 285 4253 in
299 4192 399 4252 codice
411 4191 534 4267 antiquo
546 4184 761 4270 ἠλαττωμένους
775 4211 830 4269 pro
845 4188 1073 4269 ν’λακτομένονς.
1105 4199 1149 4249 est
1163 4190 1285 4265 quidem

190 4279 253 4339 aine
275 4278 367 4339 dubio
386 4274 561 4335 mendosum
575 4274 651 4335 illud
664 4274 859 4351 vocabulum,
879 4284 915 4335 ut
928 4276 969 4335 ibi
981 4276 1124 4357 scriptum
1137 4274 1198 4335 vidi
1216 4292 1285 4333 cum

192 4385 323 4445 oparro
343 4364 374 4423 in
393 4360 481 4423 tertia
505 4358 634 4439 syllaba,
662 4380 730 4421 cum
757 4360 795 4419 ab
818 4355 944 4426 ἔλαττόν
962 4354 1187 4442 η’λαττωμίνονς
1204 4356 1285 4419 flecti
