3125 4900
481 358 487 372 ·
512 316 593 389 uu.
617 316 645 388 1.
685 306 962 389 ciossmmm
1208 320 1286 396 547

189 484 288 567 specie
303 483 368 565 ipsa
381 482 479 564 prima
493 494 618 565 opporet
639 483 802 565 complecti
820 502 889 546 eom
904 484 965 545 duo
979 486 1108 549 maxime
1119 490 1284 551 necessaria
1301 518 1307 529 ·
1534 545 1535 560 ,

187 570 391 653 praesidiariis
405 570 529 648 urcium,
550 571 690 630 elimenta
705 580 735 630 et
746 590 839 631 arma.
882 570 908 630 si
924 570 992 650 quis
1004 581 1101 632 tomen
1116 578 1285 637 contentio·
1369 600 1371 605 ·
1534 569 1535 652 i

189 656 250 715 sior
265 674 374 715 currus
390 655 479 715 etism
494 655 525 715 in
540 666 686 736 sppsratu
698 655 1004 716 tuendarumorciun'r
1022 676 1082 717 non
1095 657 1215 721 inutiles
1231 663 1284 720 in·
1534 663 1535 666 ’

188 740 307 801 terdum
323 747 376 799 sut
390 738 479 799 etism
497 740 535 800 ad
554 740 780 801 convectionom
800 750 1020 801 commeatuum
1038 744 1217 805 necessarios
1232 744 1283 806 hic

189 834 367 886 memoratos
388 825 476 899 velit,
497 844 552 885 nse
564 824 639 885 boio
656 825 848 905 extorquebit
868 825 1062 906 pertinacium
1075 828 1157 907 quod
1172 830 1285 891 ibidem

189 926 261 970 mox
283 911 352 993 eropi
378 904 520 989 cippaticos·
541 910 669 988 dicitur,
698 931 731 971 ea
752 930 816 971 esse
835 930 874 970 ex
897 930 933 970 eo
955 930 1062 989 genere
1078 932 1180 973 rerum
1199 916 1285 976 ouius

189 1014 342 1073 nunquam
360 994 472 1055 offatim
494 994 647 1055 utentibus
671 994 726 1070 sit3
758 994 837 1057 unde
856 1014 928 1054 mox
941 996 1079 1071 additur,
1097 996 1130 1056 id
1143 1011 1286 1079 reputen-

189 1090 249 1139 tem
263 1081 347 1139 illum
362 1080 571 1159 imperatorem
584 1080 704 1140 iussisse
721 1080 791 1141 addi
816 1078 957 1157 catalogis
973 1082 1064 1158 grutis
1084 1084 1285 1163 suppediten-

191 1166 296 1225 derum
314 1164 419 1225 etisco
440 1166 529 1224 militi
552 1186 655 1227 rerum
677 1186 758 1225 orma
784 1165 881 1225 omnis
900 1167 1014 1241 generis
1034 1176 1064 1226 et
1077 1186 1164 1245 usus,
1185 1170 1236 1228 ubi
1251 1170 1284 1229 in

191 1251 305 1310 Graeco
320 1260 366 1309 eet
386 1268 449 1309 nox
460 1244 539 1313 docto
557 1252 712 1310 manifeste
732 1258 766 1309 nt
786 1252 953 1330 synonyma
971 1254 1027 1313 τοῦ
1049 1244 1180 1332 ἅρματος
1198 1255 1283 1333 prius

190 1334 347 1415 memorati
368 1336 474 1415 posita.
518 1335 681 1397 clarissime
700 1335 788 1395 etism
808 1336 911 1393 eodem
923 1353 987 1394 vox
1002 1330 1121 1415 ἅρματα
1135 1358 1190 1416 pro
1203 1334 1285 1401 duic

189 1430 332 1501 usurpato
345 1422 496 1499 reperitur
508 1440 541 1501 p·
555 1420 618 1487 419
632 1440 660 1485 v,
678 1418 729 1497 14,
744 1420 796 1479 ubi
810 1417 1058 1499 Pachymeressit
1073 1420 1201 1483 Venetos
1221 1424 1285 1483 ali-

191 1506 316 1586 quaudo.
332 1505 455 1565 ditiores
476 1505 753 1586 splendidioreeqne
775 1504 981 1565 Gennensibus
1003 1506 1112 1578 fuisse,
1134 1508 1284 1585 aquibus,

189 1591 256 1651 rice
276 1609 377 1649 rerum
396 1590 610 1667 humansrum,
641 1600 743 1671 posteo
766 1590 880 1651 divitiis
901 1598 932 1649 et
951 1590 1053 1651 cultus
1067 1592 1285 1669 megniticentis

190 1677 322 1755 superati
350 1675 421 1735 sint.
465 1694 534 1754 ergo
559 1676 691 1755 priorem
715 1674 797 1735 illam
825 1673 1009 1737 Venetorum
1030 1676 1285 1753 magnificentium

189 1780 372 1836 memorans,
395 1760 435 1818 sit
451 1779 554 1820 eorum
570 1760 744 1843 συνέδριον,
767 1759 827 1821 hoc
847 1768 894 1821 est
907 1780 1048 1839 proceres
1063 1762 1223 1840 patricios,
1245 1782 1285 1822 ex

190 1846 300 1927 quibus
317 1848 349 1905 in
364 1864 398 1903 eu
409 1845 485 1905 urbe
499 1855 620 1906 senatus
635 1854 769 1922 constet,
791 1840 913 1928 πλούτῳ
930 1844 982 1907 καὶ
996 1840 1108 1927 ἅρμασι
1124 1845 1177 1909 scd
1188 1870 1285 1929 nopo-

189 1937 310 2005 σκευαῖς
325 1924 456 2004 ἇπᾶσαις
472 1930 681 1991 Genuenribus
700 1930 773 1989 oiim
794 1929 988 2010 praestitisse.
1034 1928 1086 1989 bic
1105 1950 1144 1991 ne
1166 1926 1285 2013 ἅρματα

190 2036 297 2077 currus
314 2016 557 2096 interpretemur,
581 2015 737 2097 probibet,
758 2015 784 2075 si
804 2012 880 2074 nihil
896 2013 994 2088 eliud,
1017 2024 1098 2075 certe
1109 2016 1185 2077 situs
1200 2018 1285 2076 urbis

189 2102 318 2161 Venetae
335 2098 372 2159 sd
392 2101 482 2161 maris
504 2102 651 2162 sestuaria
670 2101 715 2162 sic
730 2100 847 2181 positae
863 2108 899 2159 ut
916 2098 1031 2179 cymbis
1047 2120 1104 2179 per
1117 2120 1198 2179 oum,
1221 2122 1286 2161 non

189 2186 290 2247 rhedis
307 2196 500 2249 commeetur.
544 2196 640 2266 quere
655 2185 820 2246 ridiculum
842 2187 956 2244 faceret
973 2183 1203 2265 Paobymerem,
1233 2185 1287 2265 qui

190 2292 256 2333 eum
271 2272 371 2331 dicere
382 2270 497 2331 iuberet
512 2282 662 2332 senotores
676 2270 749 2332 olim
762 2270 892 2330 Venetos
905 2268 937 2328 in
952 2289 1006 2331 sna
1018 2271 1093 2331 mbo
1106 2272 1206 2350 specis
1217 2269 1287 2330 rhe-

190 2358 296 2419 darum
315 2365 344 2415 et
361 2358 578 2435 magnificentie
604 2376 748 2417 curruum
767 2357 868 2436 copies
884 2362 1055 2420 ostentasse.
1096 2365 1133 2414 ut
1148 2356 1287 2417 omittam

190 2465 228 2506 ex
242 2443 308 2502 eliis
319 2440 411 2501 buius
425 2439 568 2504 historiae
576 2440 678 2520 donis,
706 2440 789 2524 qnod
806 2440 877 2502 alibi
892 2438 1036 2518 observo,
1064 2461 1227 2523 oppenere,
1246 2463 1287 2504 ns
1303 2442 1327 2498 Ρ
1343 2442 1397 2500 tte

189 2528 224 2588 in
240 2529 364 2589 urbibus
380 2528 500 2606 quidem
515 2528 548 2587 in
564 2529 654 2609 pleno
667 2537 696 2588 et
709 2527 790 2588 sicco
802 2525 982 2603 aedificetis,
1002 2527 1101 2606 iisque
1114 2527 1215 2608 regiis,
1226 2529 1288 2589 fre·

191 2623 329 2694 quentem
347 2633 381 2673 eu
395 2622 569 2701 tempestate
582 2633 724 2674 curruum
738 2611 902 2673 rbedsrum
915 2621 968 2672 sut
978 2607 1166 2689 essedorum,
1185 2613 1287 2693 splen-

192 2699 262 2760 dide
275 2697 446 2780 praesertim
457 2709 648 2775 ornatorum,
669 2717 756 2758 usum
771 2697 873 2758 foisse.
917 2697 1064 2774 ergottine
1079 2696 1172 2758 dubio
1188 2694 1287 2761 πλού·

191 2807 234 2870 τῳ
249 2783 300 2846 sui
313 2779 348 2865 iio
373 2801 424 2846 nos
439 2783 560 2844 divitiis
575 2794 603 2843 et
623 2784 721 2842 armis
735 2781 914 2842 vertendum
926 2780 995 2840 fuit.
1036 2780 1179 2842 nimirum
1193 2783 1285 2842 ermis

190 2870 322 2952 pretiose
344 2809 457 2929 dinatio
477 2868 619 2929 instructi
639 2865 809 2943 gaudebunt
827 2883 988 2946 spporere,
1018 2885 1102 2925 mors
1124 2885 1141 2924 a
1160 2867 1284 2926 satirico

189 2949 327 3031 laudato,
349 2953 421 3014 dum
439 2953 563 3014 adducit
584 2971 622 3012 ex
642 2950 771 3014 heroicis
790 2948 976 3030 temporibus
993 2949 1163 3028 exemplum
1184 2950 1286 3010 cuius-

189 3041 258 3102 dem
274 3041 398 3118 gemmis
412 3059 474 3100 non
496 3038 533 3100 ad
546 3038 678 3100 ornanda
696 3035 805 3118 pocula
812 3081 826 3113 ,
847 3045 884 3097 ut
898 3033 990 3096 Virro
1005 3033 1127 3113 quidam
1143 3035 1293 3123 faciebat,

188 3125 234 3188 uti
253 3125 352 3202 soliti,
381 3125 434 3184 sed
455 3143 504 3185 ees
524 3125 557 3184 in
574 3125 698 3203 reginae
717 3123 818 3184 fronte
836 3139 965 3202 ponere,
986 3117 1047 3178 boc
1064 3120 1151 3180 estin
1163 3121 1283 3200 copulo,

189 3210 355 3291 conspicuo
376 3209 516 3270 videlicet
537 3208 623 3286 loco,
652 3215 815 3269 ostentare:
844 3204 952 3266 alludit
969 3204 1049 3264 enim
1071 3204 1150 3264 illud
1164 3205 1286 3285 Virgilii

189 3297 346 3356 stellatum
367 3293 488 3376 iaspide
497 3295 597 3374 fulva
619 3311 725 3400 ensenp
739 3289 1042 3353 denotetribuentis.
1091 3289 1145 3350 sed
1164 3289 1285 3355 truecto

187 3379 611 3551 terreremur,
625 3374 1284 3542 ‘rnrmztetttntztruz

188 3553 228 3614 ad
245 3569 353 3611 currus
365 3551 424 3610 nisi
435 3549 564 3612 obsurds
576 3543 682 3611 reterri
699 3543 833 3628 posse*).

274 3629 454 3718 donodoir
473 3655 504 3718 p.
528 3639 591 3702 298
610 3637 706 3700 v.17.
732 3625 840 3706 odro'r
857 3627 981 3711 πέμψας
992 3626 1045 3694 sci
1060 3623 1222 3710 donodo'osr
1234 3627 1282 3691 dr-

189 3721 311 3784 δεῖσθαι
324 3715 562 3802 παρασκευάσας.
591 3718 665 3779 brec
675 3717 747 3777 licet
758 3717 792 3776 in
804 3727 948 3775 contextu
959 3714 1110 3775 disiuncta
1120 3713 1165 3773 sic
1177 3720 1283 3792 spten-

188 3807 228 3866 ds
246 3815 327 3868 sunt.
373 3805 522 3886 significet
544 3807 725 3865 Germanum
751 3799 970 3882 petrisrehsm,
1006 3799 1107 3860 valida
1127 3797 1283 3878 adipsum

188 3889 301 3950 throno
315 3891 514 3952 deiiciendum
528 3889 656 3951 condato
668 3887 817 3961 factione,
830 3903 1011 3966 portuosum
1028 3885 1134 3962 supina
1152 3881 1283 3942 ereduli-

187 3984 251 4036 tote
267 3975 387 4036 studere
405 3975 461 4036 sibi
481 3977 690 4057 imperatorem
711 3993 801 4052 quam
823 3971 966 4045 maxime,
993 3967 1179 4028 confidenter
1198 3966 1284 4027 indi-

189 4081 271 4126 casse
285 4062 344 4140 ipsi
364 4081 440 4140 opus
461 4061 518 4122 sibi
538 4079 603 4122 osso
621 4057 789 4132 donativis,
814 4051 1284 4136 quibusspargendisadrsrsou·

185 4145 263 4206 tium
274 4145 483 4223 reconciliaret
496 4147 621 4210 snimos.
665 4163 754 4225 quom
766 4141 805 4202 ed
816 4161 899 4217 rem,
920 4141 953 4202 in
965 4137 1201 4202 dissimolsmns
1213 4159 1284 4222 per·

187 4274 397 4288 w

256 4331 293 4402 *J
328 4331 363 4388 et.
380 4332 497 4390 Glossar.
514 4331 623 4400 attero·¹
638 4345 665 4386 v.
678 4318 941 4402 §petroselinon
