3125 4900
387 277 463 350 71⁸
685 273 921 348 outnuvtt.
946 273 1182 350 uacuum

385 443 496 508 mentio
514 439 607 504 aitara
625 439 676 503 vei
692 440 833 504 inventae
851 441 902 504 vel
917 441 1059 506 affictae'
1090 442 1134 504 ita
1146 439 1288 505 uidelicet
1305 440 1434 502 innoema

386 532 513 613 eclipaee
529 538 560 588 et
569 526 773 589 indifferenter
786 527 906 590 habitae
918 538 999 608 eunt,
1019 539 1055 590 ut
1068 527 1136 589 aliia
1153 529 1279 606 sanatae,
1294 526 1353 588 aliia
1362 528 1434 588 noxie

385 626 417 678 et
427 614 573 676 malorum
583 613 778 694 praenuntiae
790 613 982 695 riderentur,
1002 613 1047 675 ita
1069 633 1118 676 eae
1138 614 1266 695 quisque
1285 611 1323 674 ai
1341 623 1435 676 suatur

387 698 545 764 convertit.

468 783 582 845 Multae
594 783 787 846 luminarium
800 781 980 846 defectione·
995 790 1154 844 annotatae
1173 789 1251 842 eunt
1264 781 1392 842 mortain
1401 781 1435 840 'ni-

384 877 575 954 paratorum,
595 871 701 951 pluree
711 880 783 952 poet
798 879 924 932 mortam
938 880 970 932 et
986 869 1020 930 in
1033 868 1166 930 exordii·
1187 867 1290 928 notari
1301 875 1435 948 potonem

384 955 497 1018 multae
520 965 748 1034 prraceeeerunt
770 954 871 1016 eladae
891 973 1069 1034 regnorum,
1105 951 1263 1014 vertitatea
1293 952 1435 1033 populoru,

384 1040 536 1102 beliorum
553 1047 584 1099 et
594 1038 767 1101 morborum
782 1038 962 1122 perniciem,
983 1039 1084 1120 piuree
1102 1047 1280 1100 nunaecutae
1292 1045 1367 1095 aunt:
1383 1043 1435 1114 atqu

384 1134 422 1187 nt
433 1135 648 1204 consequenter
664 1144 771 1187 murae
786 1145 848 1186 non
863 1123 1005 1186 uerum
1020 1125 1187 1200 bonorum,
1211 1143 1289 1202 qnae
1298 1119 1435 1180 finibueno

385 1211 488 1273 lorum
509 1229 625 1270 annexa
646 1219 733 1289 eunt,
761 1210 805 1271 ita
824 1227 882 1270 nec
902 1209 1114 1291 praecedentia
1132 1207 1240 1269 haberi
1263 1205 1363 1267 debent
1377 1205 1435 1263 fonte

387 1296 535 1356 malorum
550 1293 741 1374 velindioee,
762 1295 790 1355 ai
807 1313 883 1375 quae
901 1315 973 1356 eum
995 1295 1056 1356 illie
1070 1301 1267 1356 concurrant.
1289 1336 1293 1342 -
1307 1289 1383 1352 indii
1394 1297 1434 1346 tunt

387 1379 423 1442 iai
436 1379 631 1440 luminarium
649 1380 786 1442 defectu·
805 1381 886 1442 inter
905 1379 985 1442 bona
1004 1389 1036 1442 et
1058 1379 1136 1440 male
1156 1397 1260 1441 rerum
1277 1374 1435 1448 humanum

388 1467 489 1528 nuiloa
511 1465 546 1524 in
568 1485 617 1525 eae
635 1465 769 1526 influxus
791 1464 920 1542 habent3
949 1473 1171 1527 connectuntur
1188 1463 1311 1544 quidem
1330 1456 1433 1531 cumillis

388 1551 443 1616 aed
458 1569 546 1627 meu,
569 1569 633 1610 non
644 1550 823 1628 afficienn‘a,
843 1569 925 1611 mera
942 1551 1159 1630 contingentia,
1178 1569 1247 1609 non
1261 1545 1408 1610 nannn'ttit

474 1636 662 1696 Necessariae
681 1646 754 1697 aunt
776 1652 881 1697 omnen
900 1636 1026 1717 eclipaee
1040 1635 1112 1696 rolin
1132 1644 1164 1697 et
1179 1634 1289 1714 lunae,
1310 1639 1433 1690 etuecuu¹

388 1721 445 1784 riia
465 1721 633 1782 inter-vallia
656 1720 830 1794 dictinctae,
859 1720 1014 1783 ordinatae
1035 1721 1116 1782 inter
1136 1729 1274 1796 aeoe,.at
1286 1719 1325 1777 ita
1335 1713 1432 1793 quotan-

389 1806 482 1868 ruodo
497 1813 706 1870 concatenatae
717 1816 755 1868 ut
765 1807 828 1868 aiut
838 1806 1012 1869 infallibilea
1026 1817 1058 1866 et
1070 1805 1276 1868 inevitabiles:
1294 1797 1432 1862 humanit!-

389 1901 454 1953 tem
474 1912 575 1970 meua,
595 1902 709 1973 peetee,
732 1891 828 1968 bella,
855 1901 967 1954 mortae
982 1891 1151 1973 principum
1171 1891 1266 1972 plane
1287 1884 1431 1960 munigno

391 1988 423 2038 et
445 1979 561 2038 colutee
583 1975 744 2038 cohaerent
761 1977 965 2038 accidentibue
981 1987 1014 2038 et
1036 1977 1285 2051 cinmmetantiio,
1301 1975 1432 2052 quecun

390 2063 548 2124 hominnm
558 2062 654 2123 libera
667 2063 823 2123 vuluntate
835 2073 866 2122 et
874 2063 999 2124 fortuito
1013 2082 1169 2124 ceuamm
1183 2077 1333 2122 concentu
1342 2052 1430 2136 pann,

390 2149 436 2208 ite
455 2149 618 2209 mutationi
635 2159 707 2209 aunt
727 2148 893 2226 obnoxiae,
914 2157 944 2207 et
965 2147 1110 2208 anteverti
1126 2147 1177 2208 vel
1191 2143 1332 2228 impediri
1347 2139 1431 2230 pontii

390 2253 484 2312 qnam
499 2253 568 2313 ergo
584 2233 783 2313 incongruum
797 2242 829 2294 et
844 2233 1017 2294 irrationale
1031 2233 1128 2294 iacere
1139 2251 1187 2294 rua
1198 2225 1429 2293 neceaattittti*

391 2316 549 2380 mutabiiee
562 2337 666 2377 murae
680 2318 843 2379 effectuum
855 2319 1091 2398 contingentium
1106 2326 1136 2378 et
1149 2309 1350 2400 mutabilium?

476 2402 558 2464 xvi.
599 2403 673 2464 'l'am
685 2404 776 2464 facile
790 2403 852 2465 dici
864 2413 968 2486 poacet
982 2413 1080 2467 ortum
1094 2401 1166 2465 tolie
1181 2413 1237 2465 aut
1250 2414 1370 2467 ocum
1382 2390 1429 2451 ΙΨ

392 2506 510 2548 caueam
533 2506 596 2546 eoae
618 2488 784 2566 iurgiorum
804 2498 836 2549 et
860 2491 1102 2568 contentionum,
1131 2508 1207 2569 quac
1226 2488 1277 2550 vel
1296 2468 1428 2545 inaudivi

390 2582 486 2632 noctu
499 2572 693 2650 contingunt,
713 2592 804 2652 quem
818 2573 946 2654 eclipaeu
958 2576 1131 2637 morborum
1144 2582 1177 2635 et
1191 2571 1381 2639 calamitatum,
1389 2570 1429 2651 iffi}

390 2666 464 2742 poet
480 2658 549 2717 illae
567 2656 654 2718 fiunt
697 2668 779 2719 certe
802 2662 998 2740 aequinoctiis
1016 2671 1047 2721 et
1068 2658 1220 2737 eolatitiie,
1246 2674 1317 2739 queo
1336 2656 1428 2731 quattu

391 2764 473 2804 anno
484 2744 550 2823 lege
567 2754 651 2803 certa
663 2742 743 2803 iiunt
762 2752 794 2804 et
813 2753 982 2825 temporum
1001 2748 1084 2808 vicet
1102 2764 1159 2813 aua
1171 2730 1430 2807 diversinaesomt

392 2839 424 2891 et
436 2828 641 2907 diatingnunt,
664 2848 752 2890 cauea
764 2839 866 2910 portet
877 2830 1008 2893 adscribi
1027 2852 1083 2892 cur
1094 2840 1190 2911 peatea
1203 2840 1235 2890 et
1249 2827 1335 2900 balla,
1352 2812 1429 2879 ovd*

392 2915 448 2976 dee
460 2933 623 2993 regnorum
636 2922 666 2974 et
679 2914 842 2975 aditionea
855 2916 1038 2998 populorum
1051 2916 1201 2978 ermient.
1244 2906 1430 2995 ramnum*

392 2999 548 3061 habendae
562 3006 633 3059 eunt
645 2998 871 3061 coniunctione·
884 3002 953 3062 aolio
964 3012 994 3063 et
1005 3003 1095 3063 lunae
1109 2999 1320 3061 defectionibus
1327 2991 1429 3082 ebionita

395 3106 488 3165 qnam
513 3094 680 3164 quaenunt
701 3084 738 3144 ab
753 3086 797 3146 eie
818 3086 975 3151 immunee.
1019 3087 1118 3148 omnia
1135 3086 1256 3166 quidam
1277 3070 1430 3165 plenilunii

394 3169 552 3231 novilunia
564 3188 686 3249 magnae
699 3168 849 3231 invehunt
860 3172 894 3231 in
910 3173 1013 3234 orbem
1026 3171 1225 3243 mutationes,
1249 3168 1299 3230 red
1309 3166 1429 3225 uewffl'

395 3265 427 3315 et
445 3254 483 3313 ad
496 3254 613 3314 felicem
630 3255 737 3315 mundi
751 3265 865 3317 etatum
878 3258 1027 3338 eapienter
1040 3279 1056 3317 a
1071 3260 1128 3319 deo
1143 3256 1300 3317 ordinatae.
1325 3246 1429 3335 wttffffl

396 3339 560 3400 autumnua
573 3338 668 3399 hieme
686 3360 725 3400 ex
742 3342 816 3401 aoiie
833 3352 865 3403 et
884 3343 975 3403 lunae
989 3344 1115 3405 diver-eie
1130 3334 1358 3403 convenientior
1367 3338 1430 3421 cnut*

395 3434 461 3500 tur,
490 3432 522 3483 et
539 3424 577 3484 iie
597 3426 771 3487 neceeaariia
788 3428 826 3488 ad
845 3438 1016 3509 temporum
1035 3428 1277 3489 commoditatem
1290 3416 1429 3498 arienne

397 3510 591 3584 felicitatem,
618 3530 696 3590 quae
710 3530 830 3593 temper
841 3514 944 3574 eadem
956 3514 1037 3593 lege,
1060 3534 1149 3593 quam
1166 3512 1255 3573 initio
1268 3489 1429 3595 monronis

395 3606 447 3656 tor
467 3594 641 3670 constituit,
662 3616 784 3657 curtum
808 3608 970 3660 tenuerunt
988 3610 1019 3659 et
1037 3598 1190 3661 tenebunt.
1235 3594 1297 3677 quie
1313 3588 1428 3667 ΜΡΝ

396 3680 550 3741 adacribat
568 3681 755 3742 aeeculorum
776 3684 980 3745 calamitatuni
1009 3686 1076 3765 quia
1099 3702 1203 3745 eorum
1228 3670 1402 3767 malignum
1411 3672 1428 3713 ¹¹

394 3766 522 3825 adverte
533 3784 693 3845 regnorum
705 3768 829 3830 fortuna
842 3769 987 3831 accusati
1007 3770 1075 3852 quio
1093 3768 1288 3851 proditionis,
1311 3750 1426 3840 quum

393 3850 557 3911 maieatatie
573 3852 777 3913 condemnet?
974 3899 976 3908 .
1154 3888 1158 3909 .

479 3936 672 3998 henaentur
689 3938 784 4016 igitur
803 3941 913 4021 eynodi
930 3940 1126 4001 luminarium
1141 3938 1305 4021 eclipticaa,
1329 3925 1425 4011 qimi&

395 4018 497 4078 minua
509 4024 691 4083 neceaeariae
704 4042 801 4102 neque
815 4027 916 4088 minua
933 4027 974 4086 ad
986 4026 1098 4087 bonum
1111 4024 1247 4087 univerei
1264 4042 1280 4082 a
1294 4016 1339 4076 d0⁰
1351 4002 1425 4067 θήῃ*

395 4112 452 4163 tae.
494 4104 690 4168 abaolvautun
709 4106 747 4167 ab
764 4110 908 4191 opinione
927 4110 1159 4190 maleficentiae,
1180 4094 1425 4191 qnacnonpiffffm'

393 4186 540 4265 lignitttie
553 4190 682 4270 habent,
702 4214 777 4274 quae
799 4215 861 4259 uon
879 4198 952 4281 pluo
970 4198 1083 4263 virium
1101 4197 1142 4261 ad
1161 4166 1423 4259 ιῐιιιίιῑὶοιιαὶἱίθῦὅιι

394 4270 558 4337 humorum
569 4279 694 4355 routitae
709 4290 793 4347 aunt.
833 4330 838 4339 .
1149 4324 1152 4329 ,
