3125 4900
413 328 416 335 ‘
488 338 622 415 emb.
661 318 817 412 torar.
882 323 888 334 ’
1125 316 1200 418 eso

45 504 54 543 ³
104 510 134 565 et
144 498 339 567 'Tfieddorum
354 504 503 567 tremitis
525 496 740 587 'ooiydndpnnc
754 507 886 565 vocans-¹
919 524 958 566 ex
972 502 1032 565 bo'c
1047 501 1200 569 Theodori

45 592 54 629 ¹
104 590 235 649 Lascaris
256 590 590 651 secundi‘matrlmonio
613 598 711 647 netem
731 588 846 649 lrenem
863 588 941 649 idem
958 590 1082 651 loannes
1101 594 1197 653 Duces

45 682 53 757 ξ
104 674 252 735 Theodori
269 685 352 755 pater
364 675 463 735 adbuc
478 676 582 735 vivens
597 674 791 747 Constantino
806 674 967 735 collocavit
981 674 1066 752 baie,
1088 677 1197 756 dequo

45 768 56 805 ³
103 758 153 819 hic
171 768 289 837 noster,
314 760 367 839 'qui
380 771 493 841 partem
514 758 627 839 generis
645 778 683 817 ex
702 757 802 819 Serbia
817 758 962 820 trahebat.
1003 772 1085 822 recte
1099 773 1199 823 nutem

45 854 55 891 ¹2
103 854 192 903 vocat
219 844 407 904 Constantini
431 844 585 923 coniugem
612 844 728 903 lrenem
759 840 888 927 ἔκγόνην
913 844 1036 925 barnis,
1070 844 1130 907 boc
1152 856 1199 909 est

45 944 57 975 ¹¹
102 938 237 1011 neptem,
260 930 372 1009 quippe
388 948 425 989 ex
438 930 549 989 Helena
560 930 703 1007 genitam,
727 930 833 989 Asanis
849 929 921 988 lilia.

45 1012 60 1067 a
186 1034 216 1095 p.
231 1018 295 1078 360
310 1034 340 1076 ν.
358 1020 389 1081 2.
432 1013 607 1073 cardinales
626 1032 705 1093 quoe
718 1030 776 1071 vos
790 1024 846 1073 etc.
889 1012 999 1073 PinslI
1012 1014 1144 1074 oratione
1159 1014 1199 1074 ad
1280 1061 1284 1072 .

45 1118 55 1155 s
103 1098 287 1171 cardinales,
309 1118 383 1176 quae
396 1108 478 1158 extat
491 1106 648 1159 comment.
661 1098 682 1158 l.
700 1096 730 1174 4,
744 1098 789 1157 sic
805 1118 854 1158 eos
871 1097 1045 1179 compellat:
1069 1102 1199 1157 vososri

45 1206 55 1239 :-
101 1184 213 1243 mundi
233 1182 388 1260 cardines,
410 1204 508 1264 supra
528 1184 642 1264 quidus
662 1184 828 1242 militantis
847 1187 960 1241 ostium
981 1184 1122 1240 ecclesias
1136 1185 1201 1243 eol.

45 1274 59 1329 e
101 1267 229 1327 cendum
245 1268 457 1350 detegendum
474 1281 525 1334 est.
569 1270 678 1328 ostium
693 1278 792 1327 autem
805 1289 882 1349 papa
897 1278 1025 1329 vocatur
1037 1278 1073 1327 ut
1088 1268 1202 1327 Christi

45 1378 58 1417 a
101 1355 248 1430 sicarius,
279 1354 385 1433 quide
406 1375 437 1415 se
458 1356 525 1434 ipso
550 1354 624 1413 dicit
646 1352 770 1413 loannis
790 1358 888 1419 109:
914 1374 969 1435 ego
991 1357 1200 1415 sumosttum.
1282 1395 1286 1401 .

45 1471 54 1503 t
102 1438 185 1517 quod
200 1438 238 1498 de
253 1438 390 1499 eurohic
406 1442 549 1501 scribitur
563 1440 602 1500 ad
616 1438 781 1517 cardinales
795 1438 887 1497 misso
900 1448 936 1499 ut
951 1444 1055 1520 'papam
1068 1458 1129 1517 quo
1144 1458 1201 1503 vo.

45 1550 59 1591 s
100 1524 182 1584 lebat
197 1524 361 1603 imperator
381 1524 550 1599 flecterent,
581 1524 683 1605 accipe
701 1532 736 1583 ut
754 1524 900 1603 scriptum
914 1544 931 1582 a
944 1522 1134 1584 schismatico
1148 1526 1198 1583 ree

45 1638 59 1675 c
101 1609 277 1668 Latinorum
292 1620 322 1669 et
332 1610 562 1688 negotiationem
578 1628 652 1687 quae
664 1628 747 1667 nunc
767 1607 964 1669 inchoabatur
979 1606 1198 1666 conciliationid

45 1728 59 1765 μ
101 1694 293 1753 ecclesiarum
307 1696 451 1755 infamare
473 1702 601 1755 conante
621 1692 840 1775 suspicionibus
863 1692 1065 1754 calumniosis.
1108 1711 1200 1770 quare

45 1811 59 1852 5:
100 1780 127 1839 is
147 1780 351 1839 auctoritatem
373 1780 404 1838 in
428 1779 487 1840 hoc
510 1779 631 1861 quidem
653 1777 841 1854 nonhabet,
870 1780 920 1838 cui
945 1788 1013 1838 tuto
1032 1777 1122 1835 inniti
1136 1796 1200 1835 cre-

45 1898 58 1937 ·‚-
102 1866 201 1923 dendo
215 1865 348 1945 prudens
365 1866 467 1943 possit.
510 1882 567 1923 nec
581 1882 657 1943 opus
671 1872 734 1923 erat
746 1864 972 1943 imperatorem,
988 1861 1068 1921 baud
1087 1860 1201 1939 alioqui

45 1990 56 2023 e
101 1949 280 2029 prodigum,
303 1950 430 2028 pecunia
451 1966 548 2009 emere
565 1965 743 2007 consensum
759 1948 910 2028 pontilicis
930 1956 982 2007 aut
1002 1945 1201 2006 cardinalium

45 2078 57 2109 .‚
101 2038 134 2093 in
147 2032 423 2093 reconciliationem
440 2034 647 2107 ecclesiarum,
670 2052 758 2117 quem
779 2034 825 2092 illi
837 2052 969 2113 semper,
989 2042 1025 2091 ut
1039 2031 1127 2091 etiam
1143 2052 1201 2089 no-

102 2128 168 2194 ster
182 2118 254 2178 alibi
267 2138 329 2177 non
342 2118 524 2196 dissimulat,
546 2118 668 2177 summis
691 2118 769 2177 rotis
792 2125 986 2198 optaverant,
1008 2116 1089 2176 ultro
1101 2115 1201 2196 parati

45 2254 59 2283 ,,
101 2222 159 2285 pro
172 2223 204 2263 ea
221 2201 339 2281 quidvis
352 2204 472 2284 pacisci.
520 2204 557 2262 ad
579 2202 799 2283 impetrandum
820 2220 920 2263 veroa
937 2200 1080 2283 pontifice
1092 2209 1128 2260 ut
1142 2201 1201 2258 Ca-

45 2333 56 2374 p
101 2289 159 2349 roli
172 2288 251 2367 regis
263 2288 420 2348 edvemum
434 2308 466 2350 se
479 2286 702 2367 expeditionem
716 2285 904 2367 prohiberet,
933 2286 1014 2365 quod
1030 2285 1119 2344 lacile
1136 2304 1200 2343 cre·

45 2425 57 2454 s
103 2374 230 2434 dideu‘m
241 2392 313 2454 prae
327 2373 463 2433 omnibus
480 2372 615 2434 voluisse
637 2369 830 2448 michaelem,
852 2370 924 2431 satis
938 2372 1002 2452 ipse
1015 2370 1202 2447 intelligebat

45 2448 56 2544 ζ
102 2461 167 2521 lore
179 2478 285 2520 verum
299 2476 386 2518 suum
408 2459 440 2518 in
455 2477 558 2540 pacem
576 2457 769 2518 ecclesiarum
788 2457 1009 2538 procurandam
1034 2455 1201 2515 declarasse

45 2545 58 2616 ζ.
101 2543 243 2605 studium.
285 2543 486 2624 denique‘bie
505 2553 623 2604 tantum
645 2542 857 2622 qualicumque
868 2541 928 2601 lide
943 2539 1139 2621 Pacbymeres
1154 2541 1203 2598 af-

50 2684 56 2718 5
101 2629 202 2690 firmet
221 2627 354 2688 oblatum
370 2630 407 2689 ab
424 2630 605 2710 imperatore
624 2626 827 2686 cardinalibus
846 2645 967 2700 summ,
989 2633 1146 2704 acceptum
1162 2624 1202 2698 ab

101 2716 140 2774 iia
155 2733 218 2772 non
232 2713 345 2774 asserit.
389 2721 420 2772 et
434 2713 526 2773 fuisse
540 2711 651 2772 scimus
667 2711 788 2769 aliunde
799 2711 855 2769 illo
870 2730 943 2770 aevo
963 2709 1129 2767 cardinales
1146 2709 1202 2765 eli.

102 2817 177 2879 quos
198 2806 259 2857 um
280 2807 416 2873 sanctos,
446 2800 498 2878 qni
521 2796 726 2857 abstinentiam
744 2793 889 2872 Fabricii,
911 2792 1079 2853 Samnitum
1092 2810 1201 2852 aurum

102 2883 305 2965 aspernantis,
330 2882 363 2942 in
379 2903 410 2942 se
424 2881 586 2942 desiderari
600 2897 662 2939 non
674 2879 816 2939 sinerent.

45 3039 47 3044 ,
188 2989 217 3048 p.
233 2971 292 3033 561
316 2985 346 3028 V.
368 2971 416 3034 10.
460 2969 541 3047 regii
566 2963 807 3024 archidiaconns
828 2960 910 3020 cleri.
952 2959 1070 3041 saepius
1089 2955 1309 3017 inhaerere

100 3052 228 3115 historia
242 3053 438 3133 Pachynaeres
455 3052 571 3112 indicat
590 3049 684 3109 luisse
702 3045 883 3109 domesticos
904 3043 1001 3104 cleros
1013 3043 1203 3126 ‘principum'

45 3201 55 3220 g
102 3140 147 3200 sic
162 3139 312 3219 superins3
335 3159 360 3204 c.
375 3143 416 3204 22
432 3135 499 3214 Le,
522 3135 627 3196 scribit
644 3132 827 3216 Iosephum,
856 3139 1015 3210 antequam
1035 3128 1201 3188 monachus

51 3291 54 3299 ,
101 3223 206 3299 fieret,
236 3222 357 3283 lectoris
379 3222 513 3281 cilicium
536 3220 753 3282 exercuissem
776 3217 857 3278 clero
881 3213 1045 3276 domestico
1061 3215 1205 3275 dominae

101 3309 212 3370 Irenes.
255 3307 329 3367 baec
345 3307 404 3367 suit
424 3303 508 3388 prior
523 3325 603 3366 uxor
622 3303 813 3386 imperatoris
827 3301 948 3362 Ioannis
963 3299 1060 3359 Dusae
1080 3300 1200 3380 saepius

45 3395 49 3415 ¹
101 3393 258 3455 memorati
277 3393 311 3452 in
331 3391 452 3452 historia
478 3391 598 3470 Georgii
616 3389 816 3470 Acropolitas.
858 3387 903 3447 sic
923 3386 961 3445 de
979 3384 1088 3445 Pinaca
1102 3385 1203 3444 Hera-¹

103 3480 202 3538 cleote
222 3480 318 3558 capite
339 3498 411 3553 mox
428 3479 470 3544 24
491 3477 535 3536 ibi
557 3485 677 3550 narrat,
706 3473 827 3554 quando
845 3471 872 3530 ei
893 3478 1013 3551 ereptus
1029 3469 1130 3530 bonor
1144 3477 1199 3544 est,

101 3564 162 3644 ipsi
180 3563 293 3643 alioqui
312 3562 443 3636 debitus,
470 3559 664 3622 consecrandi
682 3555 870 3642 patriarches
889 3553 1029 3636 Iosepbi,
1048 3555 1150 3615 datum
1164 3553 1199 3612 in

101 3648 244 3709 solatium
258 3657 294 3707 ut
309 3648 340 3707 in
356 3646 470 3727 palatio
481 3648 573 3706 sacris
588 3653 780 3726 operaretur;
801 3661 945 3723 quaeres,
967 3649 1002 3700 ut
1016 3639 1126 3698 ibidem
1141 3657 1199 3697 no-

100 3743 204 3807 tetur,
234 3733 347 3810 magnis
372 3731 602 3792 auctoramentis
625 3739 801 3808 questuosa
821 3735 894 3789 erat.
943 3725 988 3785 sic
1016 3733 1046 3783 et
1064 3725 1097 3782 in
1121 3723 1198 3781 aulis

45 3825 46 3852 .
100 3817 340 3878 Christianorum
353 3817 554 3876 Occidentalis
569 3813 709 3874 ecclesiae
722 3805 938 3894 imperatorum
949 3830 984 3869 ac
995 3828 1097 3886 regum
1111 3807 1199 3865 vide-

99 3922 169 3966 mus
182 3903 291 3981 templa
303 3903 437 3981 ipsorum
453 3901 617 3972 domestica
627 3919 698 3960 suos
715 3898 788 3958 item
807 3898 901 3956 eleros
923 3905 954 3955 et
968 3895 1065 3954 omnis
1082 3891 1199 3950 ordinis

98 3985 256 4050 ministros
274 3987 332 4045 ianr
347 3986 419 4046 olim
431 3984 550 4048 habere.
594 3993 628 4044 ut
643 3983 681 4043 'de
702 3983 767 4042 aliis
791 3982 911 4056 sileam,
932 3980 965 4038 id
977 3977 1099 4059 prolixe
1110 3977 1200 4034 docet

45 4072 50 4104 '¹
98 4071 235 4137 Historia
250 4075 376 4130 Sanctae
389 4071 548 4154 cappellae
567 4069 674 4130 domus
699 4069 807 4148 Regiae
823 4065 966 4128 Franciae
987 4063 1098 4141 dudum
1119 4061 1200 4121 edita

98 4157 387 4238 magnevolumine.
418 4187 421 4195 ·
1195 4160 1204 4182 ³

186 4264 217 4323 p.
229 4247 291 4308 &68
305 4261 334 4303 v.
349 4247 399 4308 21.
443 4237 582 4316 defuncti
595 4236 729 4298 cadaver
740 4257 798 4317 pro
813 4236 919 4294 merito
932 4235 1054 4291 animae
1066 4240 1122 4291 etc.
1151 4251 1201 4289 sa·

99 4328 144 4391 n's
154 4327 227 4390 boet
243 4336 440 4392 consentanea
456 4327 494 4386 iis
512 4343 587 4407 quae
607 4324 717 4385 Franci
734 4318 1035 4403 scriptorestradunt
1053 4313 1092 4376 de
1102 4323 1203 4378 morte
