3125 4900
360 291 419 358 DE
443 291 652 360 MIGHAELE
676 286 956 362 PthEOLOGO
981 295 1017 362 L.
1042 295 1101 363 vt.
1211 292 1285 370 477

185 470 244 532 τοῦ
265 462 308 540 είς
329 462 490 551 συμφόρον
508 469 680 550 προβῆναι,
706 463 805 548 αάτῆν
827 463 907 531 καθ’
927 459 1025 550 osiris
1044 462 1194 552 ἀσφαλῶς
1207 465 1283 554 ἔχειν

186 569 309 644 ἐκείνοις
331 564 484 653 πράξασι,
519 567 784 654 συγκρστοομίνην
812 571 864 634 καί
892 567 953 634 ἀπὸ
981 573 1111 655 γραφῶν
1138 567 1282 639 ἄλλοθεν.

185 674 286 738 πίπτει
308 678 384 756 γοῦν
403 672 446 747 είς
463 680 569 758 χεῖρας
590 673 692 760 ἐκείνη)
714 671 754 738 roi
771 677 818 761 τῷ
839 667 1013 760 σοφωτάτῳ
1030 675 1192 760 Βλεμμίόη
1205 700 1284 760 γρα-

186 775 283 862 ptura
298 771 376 860 πρός
389 799 422 840 τε
434 774 489 840 τόν
502 774 633 857 βασιλέα
650 770 833 862 Θεόδωρον,
861 773 958 860 ἀρχὴν
974 773 1083 858 ἔχοντα
1096 775 1133 842 τό
1160 783 1183 814 “
1190 773 1207 842 ἀ
1228 781 1282 862 ζη-

158 884 249 950 στῶν
267 879 300 943 ἔν
322 877 478 966 οάκαιρρλ
501 880 552 944 καί
574 875 742 960 λαμβάνων
762 879 794 944 ίν
815 883 911 967 καιρῷ
918 877 959 957 ,”
987 879 1038 943 καί
1063 879 1104 944 τά
1131 879 1210 966 πρός
1227 881 1283 946 τὸν

184 982 381 1067 Βουλγαρίας
404 979 570 1062 Ἰάκωβον,
605 979 642 1046 τό
668 981 764 1047 “iim
792 1007 846 1063 μοι
874 976 980 1057 πάθος
1008 978 1083 1068 ὅπερ
1115 983 1282 1068 όξαγγελῶ·

184 1085 264 1166 πρὸς
289 1083 441 1171 ἀκίστορα
467 1084 527 1170 γάρ
549 1083 658 1171 λεράν”
682 1085 843 1169 προοίμιον
870 1083 1014 1170 φέροντα.
1069 1087 1208 1165 ἐμπίπτει
1231 1091 1321 1152 autc

184 1189 293 1270 βίβλος
308 1185 388 1273 άλλη
403 1193 460 1253 soi>
477 1187 667 1274 Μαρωνείας
682 1185 821 1271 Νικῆτα,
849 1185 886 1254 ὃν
899 1183 920 1272 ἡ
934 1188 990 1270 μὲν
1006 1183 1123 1273 μεγάλη
1138 1189 1282 1272 ίκκλησίσ

185 1293 219 1356 ἓν
228 1293 340 1372 τιμίοις
355 1293 405 1356 καλ
422 1287 480 1374 είχε
490 1287 733 1378 χαρτοφόλακα,
758 1289 934 1374 ὕστερονδὲ
947 1287 967 1372 ἦ
981 1287 1185 1376 μεγαλόπολις
1199 1294 1280 1358 Θεσ-

142 1396 331 1478 ιοσαλονίκη
359 1393 501 1480 ἀρχιερέα
529 1391 732 1477 ἔπλοότησεν,
760 1395 792 1460 όν
815 1393 898 1470 ὅλοις
922 1393 1009 1460 πίντε
1030 1390 1133 1480 λόγοις
1155 1393 1195 1459 τά
1219 1401 1281 1460 τῶν

183 1499 281 1564 θείων
310 1504 439 1583 γραφῶν
467 1494 543 1584 ἀπίρ
565 1502 623 1581 τῆς
648 1494 768 1582 είρῆνης
794 1504 858 1562 τῶν
879 1499 1045 1581 ἐκκλησιῶν
1069 1496 1279 1565 ἀνελίττουσα.

183 1603 236 1666 καλ
262 1597 391 1676 ταάταις
421 1599 511 1666 οἱονεί
540 1603 695 1684 θεμελίοις
719 1595 916 1686 χρησάμενος
943 1609 1060 1684 συνιλρε
1082 1599 1279 1682 τὰπλεῖστα,

183 1703 263 1771 κατά
275 1701 391 1768 σκοπόν
403 1704 460 1786 μὲν
472 1709 535 1769 τῶν
547 1704 670 1780 ἐκείνοις
681 1703 896 1788 γεγραμμόνινν
907 1699 1033 1784 βάλλειν
1047 1703 1173 1784 lutino,
1197 1702 1281 1786 ὅμως

182 1808 218 1874 di
230 1808 280 1872 καλ
296 1807 413 1888 λίχναις
425 1815 495 1884 ταῖς
509 1817 644 1892 γραφαῖς
658 1804 763 1891 ὁρμῶν
778 1805 1006 1892 ἐπιμελέστερον
1029 1803 1195 1889 ἀνηρεόνα,
1224 1811 1275 1872 καλ
1295 1813 1318 1866 D

143 1906 279 1982 15noivs'
298 1908 388 1975 ἴθυνε
405 1910 484 1996 πρός
500 1909 555 1975 τόν
570 1916 694 1993 πρῶτον
711 1908 827 1975 σκοπόν
847 1911 979 1988 ἐκεῖνον,
1008 1905 1051 1984 ὥς
1073 1907 1126 1974 ἐπ’
1145 1909 1283 1996 ἀσφαλεῖ

182 2008 463 2098 πεπραγμάτευται.
514 2012 593 2096 πλὴν
609 2010 666 2078 οὐκ
680 2011 731 2077 ἐπ’
745 2011 858 2097 όλίγοις
870 2013 943 2077 ἵστα
957 2021 1023 2088 τοῖς
1035 2009 1192 2096 ἀριόήλοις
1206 2011 1280 2088 roric

183 2112 309 2200 λάγους,
331 2113 411 2180 ἀλλά
430 2116 481 2180 καί
501 2116 549 2179 ἐπί
559 2125 636 2190 τοῖς
649 2117 694 2198 μὴ
706 2111 896 2198 ἀρμόττουσι
910 2110 1138 2197 λιχνευόμενος,
1167 2099 1213 2191 οίς
1227 2117 1279 2180 καλ

181 2217 338 2302 ἀντιλογία
353 2215 476 2302 εόλογος
488 2217 628 2304 ἐφῆπτο,
654 2214 768 2284 ταύτόν
780 2216 813 2284 τ’
831 2216 941 2299 λ’πασχε
956 2227 1021 2293 τοῖς
1035 2221 1206 2294 κακοσίτοις
1214 2266 1225 2298 ,
1248 2218 1283 2284 οἳ

177 2323 335 2408 χρησίμην
353 2320 473 2406 τρυφὴν
496 2324 547 2386 καί
567 2327 613 2410 τῷ
633 2317 780 2410 στομάχῳ
803 2319 914 2412 ῥᾳδίαν
929 2330 1090 2404 κατασχεῖν
1103 2318 1280 2408 προσφερό-

138 2443 283 2509 muetos,
312 2419 444 2511 dorsone
467 2426 519 2491 καλ
541 2434 604 2501 τοῖς
625 2423 671 2511 μὴ
694 2426 859 2513 χρησίμοις
888 2418 1101 2509 ίπιχήναντες,
1137 2425 1280 2509 ίξίμεσαν

250 2605 292 2657 18.
307 2598 357 2675 τ’]
373 2604 422 2659 τοί

181 2756 300 2827 simisque
322 2757 401 2811 omnis
423 2756 524 2829 generis
549 2773 641 2811 τευτευ
657 2756 822 2827 antiquitatis
838 2754 968 2825 suffragiis
985 2756 1090 2826 egregie
1106 2757 1280 2813 commendata

181 2828 343 2896 probaretur.
376 2829 507 2898 procincto
531 2833 617 2881 autem
640 2827 724 2880 Vecco
747 2826 779 2878 ad
800 2827 849 2879 hoc
865 2825 1025 2878 tractandam
1048 2836 1222 2893 argumentum
1240 2828 1279 2879 in-

181 2895 300 2950 ciderunt
321 2896 388 2949 forte
408 2897 434 2951 in
458 2912 547 2949 manus
570 2913 637 2966 quac
660 2894 861 2965 sapientissimus
882 2894 1033 2947 Blemmidaa
1050 2896 1082 2947 ad
1100 2894 1279 2963 imperatorem

180 2964 344 3018 Theodorum
362 2966 503 3035 scripserat
520 2965 569 3016 hoo
585 2964 657 3018 initio
683 2964 750 3031 “qui
772 2962 875 3033 quaerit
895 2963 988 3015 nonin
1006 2972 1120 3032 tempore
1138 2970 1166 3014 et
1182 2962 1278 3049 accipit

178 3032 204 3085 in
221 3034 372 3104 tempore,”
391 3042 419 3086 et
435 3033 502 3088 atiud
519 3033 553 3087 ad
570 3034 690 3086 lacohum
707 3032 846 3101 Buigariae
864 3032 975 3084 eirrsdem
992 3032 1040 3084 riri
1059 3030 1189 3099 scriptum,
1207 3048 1279 3086 curus

179 3108 218 3154 eat
235 3104 283 3156 hoc
297 3102 429 3157 exordium
452 3107 470 3133 ‘⁶
477 3103 565 3156 laboro
583 3105 670 3155 morbo
686 3120 760 3173 quem
778 3101 906 3171 aperiatur
934 3118 990 3153 curn
1007 3116 1082 3154 sacro
1099 3100 1164 3153 enim
1180 3101 1277 3156 medico

178 3187 260 3226 sermo
286 3172 347 3225 nihi
370 3170 442 3225 est‘'
476 3180 611 3243 praeterea
631 3189 695 3243 ορατ
713 3172 781 3224 aliud
800 3170 960 3223 Maronensia
978 3170 1088 3223 Nicetae
1104 3168 1152 3221 riri
1168 3188 1278 3224 venera-

178 3240 252 3307 hilis,
269 3241 314 3312 qui
331 3258 363 3294 ex
380 3258 487 3310 magnae
503 3240 626 3294 ecclesiae
642 3240 842 3311 chartophylace
857 3256 966 3309 maguae
982 3238 1216 3292 Thessalonicensis
1233 3258 1277 3293 ec-

179 3311 273 3363 clesiae
296 3310 504 3379 archiepiscopus
527 3311 628 3373 tuerat,
653 3327 704 3379 qno
727 3326 806 3379 opere
829 3308 901 3361 iihris
923 3308 1036 3379 quinque
1053 3308 1277 3379 explicabantura
1346 3362 1348 3369 ,

178 3377 270 3431 divinia
295 3379 430 3449 scripturis
452 3396 519 3449 qnae
539 3379 571 3431 ad
596 3395 685 3448 pacem
707 3378 870 3431 ecclesiarum
893 3378 1092 3431 constituendum
1144 3378 1276 3432 rtinareut.

177 3448 241 3500 haec
256 3446 337 3515 igitur
355 3448 452 3501 Veeens
469 3456 590 3501 accurate
605 3449 657 3502 sthi
674 3446 905 3517 transcriptionis
922 3465 997 3517 quarn
1015 3394 1187 3500 meditahitur
1202 3448 1277 3517 quasi

176 3516 342 3569 fundamenta
358 3517 463 3581 hahuit3
479 3518 572 3585 quibus
588 3517 690 3570 aliunde
706 3516 828 3585 colligens
844 3516 973 3570 adstruxit
989 3517 1110 3587 piurima,
1132 3533 1178 3585 pro
1196 3532 1275 3586 scopo

175 3584 278 3637 intuens
293 3584 356 3637 iltnd
371 3585 381 3637 i
400 3602 456 3639 sum
472 3587 539 3655 quod
555 3586 661 3638 istorum
676 3585 910 3639 commentariorum
935 3593 1053 3639 auctores
1069 3584 1117 3637 athi
1134 3600 1276 3667 proposue-

176 3662 244 3705 runt
281 3660 372 3707 conten
392 3672 436 3707 ena
454 3663 538 3707 autem
555 3656 588 3707 ad
606 3656 682 3707 istum
697 3654 774 3707 ίιαοιιι
792 3654 885 3724 cupido
903 3656 1012 3725 quodam
1028 3656 1125 3723 impetu
1137 3653 1276 3717 scribendi,

177 3721 287 3792 indeque
304 3729 482 3793 peracmtutus
499 3724 599 3791 singula
616 3724 780 3793 diligentins,
807 3728 900 3776 cuncta
917 3723 1011 3776 direxit
1031 3723 1064 3775 ad
1081 3721 1188 3792 primum
1205 3720 1274 3775 iilum

176 3808 281 3861 scopum
303 3792 492 3846 demonstrandi
513 3800 585 3845 recte
610 3810 642 3845 ac
665 3793 797 3845 securata
817 3794 863 3844 hac
880 3792 1029 3845 concordiae
1045 3790 1199 3844 tractatione
1215 3798 1277 3844 acte

177 3876 236 3911 esse
251 3861 342 3913 onnia.
377 3878 464 3915 rerum
480 3872 558 3933 capto
574 3862 652 3914 senet
668 3862 764 3931 impetu
788 3860 916 3913 scribendi
934 3878 983 3914 non
1000 3860 1026 3913 in
1043 3860 1132 3928 paucis
1148 3858 1195 3910 iliis
1213 3876 1276 3912 con-

175 3928 246 3982 stitit
261 3946 327 3998 quaa
343 3929 712 3984 demonstranmr'eridentere
736 3936 763 3983 ut
787 3930 918 4000 prolapsus
942 3930 1068 3983 ariditate
1091 3927 1199 3999 quadum
1224 3928 1275 3981 alia

175 3996 215 4050 his
239 4000 350 4052 attexuit
371 4017 422 4053 non
443 4000 637 4063 couvenientiu,
661 4001 804 4070 quibusque
821 4016 870 4051 non
891 3999 946 4051 siue
965 3999 1064 4052 ratione
1087 3996 1274 4049 contradictum

174 4072 232 4134 est,
257 4066 339 4120 nnita
379 4070 423 4123 uid
446 4086 539 4140 passus
557 4069 590 4121 iia
610 4069 654 4140 qui
675 4068 763 4127 crudi,
790 4075 818 4121 at
840 4068 970 4121 stomacho
986 4066 1102 4128 infirmo,
1129 4065 1172 4118 nhi
1191 4066 1274 4119 aihum

172 4136 261 4188 utilem
278 4144 307 4196 et
323 4088 406 4191 facit·
422 4138 595 4191 concoctionis
615 4144 801 4208 perceperunt,
826 4138 878 4190 aliu
901 4153 979 4205 super
1001 4136 1121 4204 ingerunt
1138 4152 1186 4187 nnn
1204 4134 1272 4188 niu-

171 4203 243 4271 hria,
270 4206 348 4275 gntae
364 4207 484 4260 inhiantis
500 4207 625 4261 ariditate
641 4207 735 4272 tracti,
758 4206 826 4259 unde
842 4212 975 4260 contractu
992 4220 1088 4258 nausea
1102 4206 1273 4275 profuturnm,

170 4272 193 4326 ai
209 4273 291 4328 solnm
306 4274 413 4342 tune,
430 4276 592 4346 alimentum,
607 4292 660 4331 uua
675 4292 732 4331 cuu
747 4275 824 4374 qoxio
840 4275 938 4346 puriter
954 4279 1082 4329 evomunt.
1115 4273 1176 4345 quid
1186 4279 1273 4327 autam
