3125 4900
552 186 630 255 LIB.
644 186 685 255 11.
721 176 874 259 NOTAE.
1187 189 1263 262 635

136 351 274 411 merito
297 359 451 431 suspectus
469 350 596 414 Michael
600 352 799 453 ,Palaeologus
810 360 988 435 procuratae
1009 352 1087 414 clam
1100 352 1264 415 eversionis

150 458 195 497 ac
212 434 315 496 caedis
332 438 538 515 Muzalonum,
560 438 645 499 cuius
660 439 728 500 ideo
749 438 951 519 catastmphes
970 447 1131 539 apparatae
1141 460 1178 499 ac
1192 460 1265 501 cau-

152 542 209 581 sas
226 522 394 599 disquirere
410 524 554 584 curiosius
566 524 698 585 omiserit
716 525 748 585 in
762 542 853 604 opere
866 524 905 583 ad
919 526 1060 603 gratiam,
1081 534 1119 585 ut
1130 533 1264 605 apparet,

146 607 356 687 -Palaeologae
370 608 498 667 familiae
514 618 587 669 tunc
599 610 749 689 regnantis
762 609 854 671 edito.
894 610 1069 690 suspicionis
1084 610 1147 669 cius
1159 611 1266 690 (prae-

70 698 72 707 ’
155 700 211 751 ter
227 692 396 751 Cassianam
412 694 610 754 coniecturam
623 714 662 754 ex
673 714 810 755 successu
823 694 959 773 petitam,
980 696 1096 775 quaesi
1107 714 1176 754 eum
1191 713 1268 753 οιιι-

70 786 71 793 ’
155 777 256 853 rabat
268 778 352 837 cuiue
364 778 466 838 fructu
478 799 514 838 ac
525 779 605 839 bono
616 779 747 839 maximo
764 780 886 839 amotie
906 780 1006 839 medio
1018 780 1189 841 Muaalones
1202 780 1270 839 fne-

70 874 72 881 '
158 864 246 937 rint,
276 862 422 923 neminem
441 864 529 944 magis
548 865 711 925 infamabat
730 886 820 943 quam
835 864 1025 940 Michaelem,
1053 866 1103 927 cui
1115 864 1214 925 aditus
1224 864 1265 923 ad

159 946 327 1026 imperium
347 945 407 1007 hoc
426 948 506 1010 iacto
525 948 669 1032 patuerit)
688 949 777 1011 etiam
798 908 1028 1011 fundamentnni
1047 950 1130 1010 aliud
1144 948 1265 1029 Pachy-

70 1110 72 1117 .
162 1050 265 1093 meres
287 1034 430 1111 suggerit,
456 1054 487 1114 p.
503 1034 543 1099 65
558 1055 588 1096 ι.
608 1041 628 1100 8
657 1036 689 1095 ιιι
715 1032 799 1095 hunc
827 1034 951 1096 modum
983 1034 1128 1095 scribens·
1165 1034 1268 1097 eletas

163 1113 201 1179 ιιι
206 1114 310 1217 ἔσχεν
327 1118 488 1195 sicandro,
516 1114 590 1194 ὦς’
572 1142 589 1185 ο
602 1122 665 1182 τοῖν
685 1124 806 1183 πολλῶν
826 1116 914 1202 λόγος
934 1120 1007 1201 ἔχει,
1031 1113 1187 1183 destinor
1212 1122 1268 1220 τῆς

165 1194 327 1310 φάλαγγος
352 1198 573 1286 ἐξηγούμενος,
611 1227 644 1279 ος
663 1204 715 1268 και
737 1201 831 1269 πάλαι
851 1202 912 1307 μιν
924 1204 1119 1286 οιρμηρινοος
1144 1196 1266 1276 adroic

162 1280 284 1349 so'ssd’
273 1288 489 1389 ιξαφθιντας
502 1288 595 1355 πλέον
608 1283 775 1366 dretturer
795 1314 849 1354 τοο
838 1284 987 1391 φόβου,
1007 1288 1060 1352 κοιλ
1073 1289 1267 1392 dpeosionec

70 1392 71 1395 ¹
164 1366 205 1432 ad
221 1364 389 1453 α’νήκιστα,
410 1374 441 1450 ἐξ
461 1373 582 1477 ἕτοιμοι
601 1369 779 1483 ἠρέθισε
744 1398 800 1440 τον
821 1369 920 1454 φόνον
945 1374 1141 1475 ιιιιτολμῆσαι
1155 1367 1267 1478 κοιρὸν

70 1480 73 1489 ¹
166 1454 301 1559 ἔχοντας.
343 1456 396 1521 καλ
417 1454 534 1561 ὀλιγος
547 1460 580 1525 ιιι
595 1455 939 1565 τῶνιιστιρονφιριιτο
952 1454 1103 1523 πιθανόν·
1125 1452 1245 1522 stete
1245 1481 1264 1564 ρ

166 1535 322 1621 ἐτόλμων,
344 1537 429 1606 si'
386 1568 427 1625 μη
444 1568 530 1620 τινας
546 1541 743 1626 προβιβᾶσεις
765 1540 863 1624 εἶχον,
885 1539 1092 1619 dilacerete*
1073 1566 1158 1618 οντες
1168 1482 1244 1605 sni
1232 1564 1267 1606 το

166 1624 261 1689 nitor
281 1620 426 1705 ἐπήλυδες
448 1638 505 1690 etc.
548 1650 623 1708 quac
641 1630 807 1709 significant
824 1631 968 1689 iactatum
990 1630 1050 1689 iam
1069 1639 1136 1689 tum
1149 1632 1265 1687 arcanis

70 1740 71 1747 ι
166 1712 299 1771 susurris
311 1712 537 1794 plerorumque,
562 1716 681 1775 caedem
695 1714 885 1775 Musalonum
896 1716 933 1775 ab
945 1714 1048 1774 italica
1060 1715 1188 1773 maxime
1206 1712 1267 1771 mi-

166 1795 233 1855 litia
245 1807 394 1875 patratam
411 1799 528 1859 haud
505 1818 568 1860 stne
581 1800 759 1861 conscientia
781 1811 813 1860 et
824 1800 917 1861 tacito
934 1799 1064 1881 impulsu
1075 1800 1159 1859 ducis
1174 1795 1265 1858 huius

166 1884 282 1960 generis
297 1884 427 1944 miiitum
443 1884 541 1947 videri
555 1893 742 1949 attentatam.
764 1907 826 1946 non
839 1887 882 1945 ait
893 1886 945 1946 hic
958 1885 1078 1965 quidem
1090 1882 1266 1945 nominatim

168 1966 237 2043 quis
249 1967 305 2026 iste
320 1968 386 2028 dux
396 1969 497 2030 suerit.
538 1971 591 2031 sed
609 1972 744 2051 superius
759 1992 789 2051 p.
804 1976 844 2039 21
860 1990 890 2032 ι.
904 1976 924 2037 8
945 1970 1006 2031 ism
1018 1970 1135 2031 dixerat
1149 1968 1267 2029 telins

169 2072 271 2111 omnes
294 2055 391 2134 copias
411 2054 548 2115 Michaeli
571 2056 759 2135 Palaeologo,
784 2066 822 2115 ut
839 2076 945 2135 magno
960 2055 1154 2132 conoataulo,
1174 2052 1266 2114 tuisse

169 2136 323 2201 subiectas.
366 2138 447 2200 unde
468 2150 587 2201 constat
605 2140 743 2201 hocloco
764 2140 949 2221 designatum
963 2139 1152 2215 Μιιιιιὲιιιιι,
1173 2138 1267 2199 ιιιιιο

169 2230 269 2363 gamen
284 2224 346 2285 ιιιιι
357 2226 497 2304 nomine,
518 2227 557 2289 ad
574 2224 730 2288 vitandam
753 2226 866 2287 scilicet
881 2226 1072 2287 offensionem
1094 2224 1270 2306 imperantis

194 2326 285 2369 οιιιιιι.

254 2426 339 2507 Ρ49
352 2450 381 2490 ι.
398 2433 446 2496 10.
489 2433 578 2492 cuius
594 2434 699 2492 ιινονιο
714 2430 903 2492 αοιιιιιιιιιιιι
916 2453 949 2490 ae
964 2432 1149 2489 meminerat.
1192 2446 1270 2487 con-

172 2512 266 2591 iugem
284 2517 503 2593 protovestiarii
520 2517 684 2578 Muzalonis
702 2519 849 2597 Gregoras
868 2517 889 2575 l.
906 2522 926 2581 8
945 2537 974 2615 p
991 2520 1033 2581 29
1052 2515 1147 2574 solum
1167 2515 1208 2572 sit
1228 2531 1270 2572 ex

171 2598 365 2676 imperatorio
383 2621 489 2680 genere
504 2603 607 2662 fuisse:
627 2611 744 2682 gentem
758 2623 819 2661 non
834 2602 984 2680 exprimit
1027 2599 1196 2678 diligentius
1210 2618 1270 2656 no-

173 2683 255 2742 eter'
247 2703 306 2743 ram
321 2687 456 2766 superius
476 2706 506 2765 p.
521 2687 561 2752 24
575 2707 605 2748 ι.
623 2694 638 2752 1
660 2688 818 2768 scripserat
833 2687 922 2745 inisse
935 2686 1018 2746 iliam
1032 2687 1270 2744 Cantacimenam

173 2786 212 2826 ex
235 2778 335 2850 patre,
356 2770 506 2830 Michaelis
522 2770 686 2852 Palaeologi
702 2791 805 2832 sorore
822 2773 967 2851 genitam,
989 2771 1108 2831 nomine
1127 2767 1269 2827 Theodo-

173 2871 244 2913 ram.
284 2874 355 2914 rere
371 2875 440 2934 ergo
455 2855 558 2916 scribit
568 2866 669 2918 noster
683 2865 714 2916 et
728 2856 778 2916 hic
791 2866 824 2916 et
836 2857 890 2916 aab
903 2857 992 2916 finem
1006 2876 1036 2936 p.
1051 2861 1093 2922 δι
1106 2873 1137 2914 ι.
1150 2858 1192 2917 20
1208 2853 1268 2911 Mi-

173 2937 302 2998 chs'elem
312 2940 516 3021 Palaeologum
527 2948 631 3019 θεῖον,
651 2940 711 3002 hoc
724 2952 769 3002 est
782 2941 963 3001 avunculum
977 2943 1066 3000 fnisse
1078 2938 1181 2998 uxoris
1194 2937 1267 2997 Mu·
1357 2953 1361 2958 ’

174 3024 290 3084 salonis.
331 3045 510 3106 quamquam
530 3027 603 3087 mihi
623 3029 817 3108 posteriorem
829 3027 928 3086 locum
943 3025 1153 3106 interpretanti
1164 3023 1267 3103 patrui

175 3110 350 3170 vocabulum
364 3132 420 3192 pro
434 3113 582 3174 avunculo
595 3112 708 3174 excidit
715 3135 725 3192 ;
746 3112 828 3192 quod
840 3133 948 3193 precor
959 3113 1101 3173 lectorem
1117 3129 1157 3170 ne
1170 3109 1267 3169 corri-

172 3213 237 3272 gere
252 3205 403 3276 gravetur.

255 3335 285 3395 p.
299 3315 341 3381 50
354 3335 387 3376 ι.
402 3321 450 3382 10
493 3317 538 3378 ιιι
548 3315 669 3398 satalia
680 3321 843 3378 necessitas
856 3335 983 3376 comam
995 3315 1138 3376 absolvit.
1179 3329 1268 3372 men-

176 3397 216 3458 ιιο
230 3398 279 3459 hic
291 3401 388 3461 fatalis
401 3404 581 3463 necessitatis
594 3403 632 3462 ad
646 3405 752 3464 mortis
763 3402 963 3464 inevitabilem
974 3399 1181 3461 certitudinem
1193 3417 1268 3476 per-

177 3484 264 3563 tinet,
285 3507 347 3546 non
370 3497 469 3548 autem
476 3489 631 3568 ,opinor,
652 3489 692 3549 ad
714 3489 928 3550 annuendum
919 3486 1043 3567 impium
1056 3485 1162 3564 dogma
1175 3484 1269 3542 liber-

176 3531 264 3630 tateni
284 3572 413 3648 arbitrii,
433 3592 522 3652 qnam
537 3573 672 3634 docmina
685 3574 835 3635 catholica
850 3573 929 3632 tueri
942 3572 1043 3648 iubet,
1065 3569 1268 3630 exterminans

175 3675 323 3756 perperam
344 3667 454 3718 asserta
471 3679 628 3720 causarum
641 3669 828 3721 aeternarum
842 3659 930 3719 obvia
945 3676 1079 3736 quaeque
1090 3654 1269 3715 ineluctabi-

175 3739 240 3800 liter
251 3743 429 3821 rapientium
443 3745 554 3805 invicta
569 3745 741 3823 quadam
711 3765 752 3805 ιι.
795 3746 821 3805 si
840 3753 939 3804 tamen
953 3743 1004 3802 hic
1019 3750 1072 3800 aut
1084 3740 1153 3799 alibi
1167 3750 1269 3799 noster

175 3824 330 3888 historicus
352 3837 406 3889 ant
426 3829 488 3908 ιριι
509 3830 638 3890 affirmat
656 3830 807 3911 qttidpiarn
823 3839 876 3890 aut
891 3829 963 3888 alios
979 3827 1090 3886 aientes
1104 3826 1216 3899 refert,
1234 3825 1269 3884 in

177 3931 232 3988 quo
246 3913 306 3972 eius
319 3915 477 4014 proscripti
490 3915 527 3974 ab
541 3916 661 3976 ccclesia
675 3917 785 3978 erroris
797 3915 952 3994 vestigium
967 3910 1090 3990 aliquod
1101 3868 1269 3988 depretien-

176 3997 277 4068 datur,
298 3999 464 4060 meminerit
481 4001 576 4060 lector
589 4001 758 4060 catholicus
772 4000 847 4062 nihil
861 3997 1066 4079 praeiudicare
1089 4003 1194 4056 contra
1215 4015 1269 4054 or-

176 4083 333 4142 thodoxam
347 4085 501 4145 veritatem
517 4087 662 4164 quaslibet
674 4085 930 4146 schismaticorum
944 4082 1105 4163 opiniones.
1146 4100 1217 4140 nam
1231 4088 1267 4141 ut

174 4169 204 4229 in
219 4169 398 4250 praefatione
413 4172 670 4254 praemonuimus,
689 4171 738 4230 hic
754 4171 885 4250 scriptor
899 4168 1103 4229 schismaticus
1118 4175 1173 4227 cst.
