3125 4900
312 287 387 360 410
601 287 778 356 GEORGII
802 287 1067 355 PAGHYMERIS

314 461 345 527 ol
366 459 401 526 dd
420 453 659 545 παραγενόμενοι
680 458 721 524 nd
740 460 797 541 μίν
811 465 868 543 τῆς
881 454 1003 546 είρήνης
1021 453 1215 542 δηλώσαντες
1236 454 1412 542 ἀπεδέχθη-

314 588 391 643 σαν,
418 559 694 644 καταλαμβάνουσι
716 562 751 627 δ’
778 566 872 628 ἐκεῖσε
893 561 948 628 τδν
968 557 1133 648 Κάροολον
1156 565 1263 642 tonat
1281 562 1413 626 πνέοντα

277 673 300 725 Β
316 669 367 731 καλ
389 670 527 750 λιπαρῶς
545 671 590 752 τῷ
610 661 699 755 πάπρ
714 669 929 750 προσκείμενον
945 667 995 730 ναί
1010 669 1278 750 προσλιπαροῦντα
1296 663 1411 750 ἐφεῖναι

314 765 417 857 τοάτην
431 768 488 850 τὴν
501 769 549 832 tut
564 768 620 850 τὴν
632 765 721 832 πόλιν
735 769 897 834 ἔπίλεσσιν.
949 764 1053 854 ἑτάρων
1067 759 1122 832 οὖν
1136 767 1247 832 ἐκεῖνον
1262 763 1412 852 δσημίραι

315 877 378 937 τῶν
398 874 503 936 ποδῶν
523 877 580 936 τοῦ
602 866 690 935 πάπα
710 867 1023 954 προκολινδοάμενον,
1052 873 1103 936 ecl
1123 872 1155 945 ίς
1174 875 1324 935 τοσοῦτον
1342 879 1436 946 ‘scits

315 975 441 1057 μανίαις
454 973 675 1057 σσνισχημίνον
688 971 831 1039 ὥστεκαὶ
847 975 883 1042 τὸ
899 973 959 1040 dod
967 984 1073 1060 χεῖρας
1087 979 1241 1057 σκῆπτρον
1248 1022 1258 1052 ,
1285 970 1302 1038 ὃ
1317 968 1412 1056 σδνη-

316 1084 373 1152 θες
388 1086 510 1162 κρατεῖν
525 1086 590 1152 τοῖς
603 1082 666 1142 τῶν
681 1075 807 1144 Ἰταλῶν
821 1083 1013 1162 μεγιστᾶσιν,
1040 1076 1165 1142 ὀδοῦσιν
1181 1075 1214 1140 ἓν
1226 1077 1340 1158 μανίας
1355 1101 1412 1139 κα-

280 1189 485 1264 Οταφαγεΐν,
518 1179 622 1264 ἐπειδὴ
644 1177 809 1246 λιτανεάιον
838 1183 890 1246 elul
911 1181 969 1265 τὴν
992 1179 1068 1266 πρὸς
1090 1177 1284 1262 ἀπαρτισμὸν
1306 1176 1412 1254 ἔξοδον

314 1279 566 1367 προβαλλόμενος
578 1285 629 1346 καὶ
642 1285 807 1368 προτείνων
821 1284 860 1349 τά
874 1282 972 1348 ednod
986 1286 1089 1348 δίκαια
1103 1281 1172 1348 οὐδ’
1191 1280 1271 1358 ὅλως
1282 1280 1338 1348 τιλν
1350 1278 1413 1346 πά-

314 1411 377 1449 παν
399 1385 520 1450 ἔπειθεν
544 1382 706 1465 άπολάειν,
734 1386 807 1451 ἀλλ’
830 1379 868 1470 ἦν
891 1386 975 1470 παρῶ
996 1393 1090 1475 κωφῷ
1109 1385 1211 1469 λίγιον.
1265 1383 1413 1468 ἀντεπῆγε
1422 1393 1452 1445 10

314 1487 374 1572 γάρ
389 1490 439 1552 καὶ
454 1484 470 1552 ὃ
486 1483 591 1563 πάπας
604 1488 643 1553 τά
658 1486 735 1571 dudo
750 1495 813 1555 τῶν
828 1494 970 1573 Γραικῶν
983 1491 1102 1571 δίκαια,
1131 1485 1173 1564 ῶς
1194 1489 1313 1554 ἐκείνων
1332 1481 1414 1553 οὖσα

314 1587 333 1674 ἦ
349 1586 553 1674 μεγαλόπολις
572 1592 694 1667 ἐκείνοις
709 1588 801 1657 πάλιν
815 1595 865 1656 καὶ
882 1593 1078 1676 προσεγένετο
1085 1641 1095 1672 ,
1123 1594 1173 1656 καί
1189 1589 1235 1655 ὅτι
1248 1588 1343 1672 νόμος
1357 1589 1413 1655 άν-

313 1689 455 1779 θρῶποις
472 1699 592 1773 ταῦτα,
613 1697 664 1759 καὶ
680 1697 767 1780 δῶρα
784 1696 919 1777 πολίμον
937 1697 988 1760 eol
1004 1692 1106 1771 πόλεις
1120 1697 1171 1759 καί
1183 1689 1345 1778 χρήματα,
1374 1691 1413 1758 τὸ
1467 1705 1473 1720 ”

315 1797 349 1860 δὲ
370 1799 473 1879 μεῖζον
494 1803 550 1879 τῆς
570 1799 731 1880 ἐκκλησίας
751 1798 814 1864 vicl
841 1801 892 1863 καί
912 1800 1105 1882 Χριστιανοί.
1156 1801 1355 1880 Χριστιανοῖς
1377 1796 1412 1859 δὲ

279 1918 303 1969 D
321 1899 400 1964 κατά
425 1904 624 1983 Χριστιανῶν
646 1901 781 1987 ἐφεῖναι,
808 1900 851 1986 μὴ
874 1903 988 1978 καλεῖς
1011 1899 1220 1989 παροργισμδν
1241 1907 1297 1966 τοῦ
1322 1901 1411 1964 θείου
1420 1908 1448 1961 15

311 2000 508 2088 πράττοιμεν.

417 2107 478 2175 27·
532 2103 641 2182 Οῶτιος
658 2104 928 2189 άναχαιτιζομίνου
944 2111 1000 2172 τοῦ
1018 2100 1184 2191 Καροάλοο
1194 2153 1205 2184 ,
1232 2099 1249 2169 ὃ
1265 2103 1411 2184 βασιλεδς

312 2214 375 2274 τῶν
398 2211 430 2285 ἐξ
451 2209 564 2274 ἐκείνου
585 2213 759 2294 φροντίδων
773 2208 941 2285 ἀπολυθείς
958 2207 1140 2291 ἐπεβάλλετο
1155 2217 1219 2281 τοῖς
1234 2206 1321 2290 ίγγδς
1332 2231 1410 2290 κρα-

312 2307 479 2392 ταιάτερον.
533 2313 583 2376 nul
596 2309 724 2393 Ἰκάριον
739 2309 1005 2397 προσχωρήσαντα
1020 2311 1154 2393 δίχετοι,
1180 2307 1280 2393 άνδρα
1293 2308 1410 2392 πολλὴν

311 2414 368 2495 μὲν
389 2412 444 2496 τὴν
466 2413 497 2489 ἐς
517 2410 621 2497 μάχας
638 2424 746 2501 πεῖραν
764 2414 890 2497 ἔχοντα,
918 2410 1112 2498 τατάρχοντα
1129 2413 1226 2478 δὲκαὶ
1243 2406 1338 2497 νήσου
1353 2433 1450 2495 pte-20

205 2532 226 2581 Ρ
242 2532 293 2583 279
310 2518 415 2600 γίστης
421 2563 432 2596 ,
458 2514 497 2597 ἣν
508 2513 716 2600 Ἀνεμοπάλας
729 2517 805 2594 ἴδας
821 2528 885 2594 τοῖς
899 2520 962 2583 ἐκεῖ
971 2519 1065 2603 λέγειν
1070 2566 1081 2601 ,
1110 2511 1292 2600 σνμβάματι
1306 2518 1340 2581 δὲ
1353 2512 1411 2581 τά·

310 2816 416 2870 tebetun
436 2816 533 2887 impetn
555 2815 670 2870 nemim.
690 2816 783 2887 degeti
808 2818 908 2888 eppnlei
930 2817 1080 2872 nuntiarunt
1096 2823 1293 2871 coneummetem
1308 2832 1410 2885 pecene,

310 2893 339 2937 ot
362 2886 465 2955 excepti
489 2886 661 2956 perbenevole
683 2897 750 2940 nunt.
786 2886 936 2941 invenerunt
957 2896 1042 2941 enum
1060 2887 1096 2940 lbi
1115 2887 1235 2940 Cercluuu
1257 2887 1338 2939 niune
1354 2886 1410 2955 epi-

308 2962 427 3022 nentem,
456 2962 484 3009 et
505 2956 572 3008 omni
589 2958 748 3010 contentione
764 2973 869 3025 precum
885 2957 1070 3009 incumbentem
1087 2956 1120 3008 ed
1138 2954 1292 3009 exonendnm
1316 2971 1409 3023 pepem

309 3030 340 3075 ut
363 3024 413 3076 eibi
437 3026 599 3093 permitteret
621 3026 807 3094 expeditionem
831 3028 858 3078 in
882 3027 972 3079 unbem
998 3024 1164 3079 constentino
1183 3024 1251 3077 olim.
1285 3024 1411 3076 videbent

308 3092 388 3158 igitur
411 3094 524 3174 qnotidie
544 3094 719 3147 advolventem
742 3110 772 3146 ee
795 3111 878 3164 pepue
896 3094 1018 3163 pedibnn‚
1042 3103 1069 3147 et
1085 3110 1116 3147 eu
1133 3042 1242 3146 iuliade
1258 3093 1350 3146 furoris
1367 3092 1410 3144 in-

310 3160 460 3229 quietieetmi
485 3170 704 3231 prorumpentem,
732 3173 763 3215 ut
787 3164 855 3231 quod
877 3163 993 3216 menibue
1010 3180 1078 3217 unone
1094 3162 1242 3215 Itellcunum
1267 3162 1409 3233 principum

309 3230 431 3295 geetebet
446 3240 592 3298 eceptnom,
611 3232 795 3284 commordenet
811 3232 913 3284 nebioee
929 3232 1036 3285 edmotie
1053 3232 1190 3297 dentibue,
1208 3231 1340 3298 indignant
1358 3230 1410 3282 eibi

308 3298 413 3364 ueneni,
435 3315 510 3367 quem
526 3299 706 3353 inntentieeime
722 3304 843 3381 petebat,
861 3301 1009 3354 tenultatem
1025 3300 1166 3371 exequendi
1182 3300 1250 3369 quod
1268 3300 1409 3353 conetiune-

308 3367 786 3491 :t‘nttttltlltlttttdl
802 3370 1125 3508 ‘lt‘ttl‘ltttltt
1138 3364 1410 3507 tltttltpitllt

309 3509 337 3557 et
353 3503 431 3555 eundo
447 3504 480 3554 ed
497 3521 588 3572 pnecen
605 3522 692 3558 omnen
707 3508 773 3559 telee
790 3506 945 3577 persistente
961 3524 1038 3577 pepe.
1072 3508 1116 3576 qui
1139 3506 1253 3559 nicinnitu
1277 3507 1409 3574 ellegebet

309 3571 404 3624 cencio
421 3573 580 3625 Graecorum
596 3573 667 3637 lune,
684 3576 784 3642 placide
800 3576 935 3629 admonenn
954 3592 1095 3645 poeeeenenn
1113 3577 1145 3629 eb
1163 3576 1212 3629 illie
1229 3576 1321 3629 dudum
1337 3575 1410 3628 Con-

308 3640 514 3709 etentlnopolim,
538 3642 631 3693 iterum
651 3642 686 3695 ed
707 3644 826 3714 entiquoe
847 3644 961 3698 dominon
978 3646 1082 3698 inmune
1098 3645 1251 3699 nouolutum.
1286 3660 1332 3697 ene
1348 3661 1410 3697 eene

306 3727 394 3763 nonum
410 3710 573 3762 humenenum
589 3710 675 3763 vicen:
707 3721 735 3765 et
749 3715 827 3766 urben
844 3722 871 3765 et
888 3730 950 3783 open
967 3714 1066 3766 demum
1084 3720 1201 3768 ceetenen
1217 3712 1333 3783 pnecmie
1349 3730 1410 3765 eene

307 3778 375 3831 belli.
411 3778 487 3847 eique
509 3778 561 3847 legi
585 3780 813 3850 acquiescendum,
841 3782 992 3852 preenentinu
1015 3798 1072 3835 cnut
1091 3783 1187 3836 Gnneci
1203 3800 1306 3852 quoque
1323 3782 1409 3835 ecole-

306 3846 363 3899 eiee
378 3846 426 3899 filii
444 3847 633 3917 Chnlntienlquo
648 3859 747 3903 eenemn
775 3856 924 3920 “neque‚”
947 3852 1050 3917 eiebet,
1073 3856 1231 3922 “pontumue
1248 3850 1409 3906 emistienoe

306 3932 364 3967 cuni
381 3914 535 3969 christianin
550 3917 723 3981 committere,
740 3936 773 3971 ne
788 3920 853 3971 inem
870 3920 897 3972 in
913 3937 960 3973 non
975 3920 1017 3975 dei
1033 3936 1206 4003 provocemus.
1216 3924 1232 3946 ''

361 3986 417 4065 βλ.
452 3985 497 4037 Sic
514 4002 633 4055 nepneeeo
649 3987 745 4056 impetu
763 3988 1169 4059 Ceroli‚impeneton1nteoure
1186 3990 1287 4043 levetue
1304 4007 1335 4043 ec
1352 3989 1409 4043 eni-

306 4064 401 4104 moenue
416 4052 534 4107 incubuit
549 4055 577 4107 in
594 4072 636 4108 nee
652 4072 712 4109 eune
729 4072 806 4125 quem
826 4056 920 4127 optime
944 4058 1133 4111 couetittieuden
1152 4076 1185 4111 ex
1201 4057 1408 4127 praecentione,

307 4119 408 4197 quondo
431 4122 464 4174 ed
486 4140 515 4175 ee
538 4124 724 4192 confugientem
742 4126 849 4192 benigne
865 4124 975 4180 leonium
992 4126 1104 4196 excipit,
1134 4126 1217 4180 uinum
1234 4129 1314 4180 multe
1329 4144 1407 4211 pnec-

306 4184 397 4237 lttmn
413 4192 573 4269 expetitum
588 4194 723 4247 militenen
738 4193 872 4247 noientiem
896 4196 1024 4264 edeptnnt.
1057 4196 1176 4267 princepe
1196 4196 1219 4249 ie
1235 4199 1321 4249 lucret
1335 4212 1409 4249 ταισ-

307 4252 349 4307 lee
364 4270 503 4325 menneo,
527 4277 604 4331 quem
625 4261 672 4333 qni
686 4260 739 4315 illio
753 4262 852 4333 degunt
868 4264 1050 4335 Ααοιιοργίει,
1072 4265 1121 4321 neo
1138 4273 1181 4319 ent
1196 4274 1330 4321 ventomn
1345 4280 1409 4336 ρετ·
