3125 4900
283 332 357 405 550
578 326 813 397 OBSERVAT.
835 323 1073 395 rtcultfflu.

370 488 586 579 βεβράνσις
605 514 637 575 p.
654 490 761 561 492ν.
777 495 827 557 19.
868 488 911 551 ite
931 488 1122 552 concorditer
1140 498 1203 551 tres
1221 486 1309 549 codd.
1322 486 1392 549 nisi

287 583 371 665 quod
387 583 453 641 Vat.
470 582 506 641 ad
528 579 690 661 βεβράνσις
705 578 790 637 addit
801 577 974 661 eupoleon,
994 578 1103 636 omissa
1116 595 1190 635 voce
1204 567 1285 637 odor.
1308 584 1397 635 'ro-

285 672 345 733 luit
354 668 465 748 ,opinor
476 684 588 747 ponere
600 660 658 729 ede
670 664 774 749 πίσσῃ,
795 670 831 721 ut
844 661 1024 739 significaret
1035 662 1133 742 picena
1146 659 1278 720 additam
1290 678 1393 719 mern·

286 754 387 817 branis
403 750 524 812 urendia
537 771 629 831 supra
649 762 741 827 caput
762 747 917 819 Caloidee3
937 747 990 826 qui
1003 747 1049 807 sio
1066 746 1184 827 capillis
1194 744 1312 803 flemma
1326 764 1392 824 ap-

286 841 398 922 plicata
418 836 564 913 correptis
583 830 758 897 excaebatue
780 831 872 892 miser
887 841 941 893 eat.
986 827 1150 914 βεβοᾶναις
1170 840 1245 910 puto
1268 829 1395 890 dictum

286 944 344 1007 pro
355 916 519 1001 μεβρᾶναις
531 940 570 979 ex
579 939 653 979 voce
668 918 769 977 Latina
784 917 994 977 menstruam.-
1015 917 1089 996 quid
1099 918 1178 977 enim
1190 915 1274 975 aliud
1287 916 1399 995 euspi-

288 1008 362 1071 cerl
384 1006 458 1087 quin
469 1005 527 1065 nisi
541 1016 588 1065 m'o
600 1005 760 1066 deterreret
773 1021 934 1069 conseneue
949 1000 1100 1074 codicum,
1122 1001 1273 1061 crederem
1284 1018 1394 1061 errore

288 1092 480 1155 librariorum
502 1089 648 1170 scriptum
671 1081 835 1169 βεβρᾶνσις
855 1108 910 1167 pro
926 1082 1107 1168 peppr'oaee,
1128 1108 1165 1147 eo
1177 1086 1393 1165 deceptorum,

289 1175 373 1259 quod
392 1176 425 1235 in
445 1174 550 1255 primia
569 1174 789 1253 exemplaribus
808 1174 890 1234 uode
909 1172 1105 1251 exscripsere,
1132 1168 1169 1235 ιδ
1190 1173 1211 1252 β
1233 1190 1267 1231 ea
1289 1170 1394 1249 ligore

288 1262 464 1347 pingeretur
473 1278 555 1338 quae
570 1278 675 1338 parum
688 1258 783 1319 dietat
796 1280 812 1317 e
827 1283 858 1338 pe
900 1254 960 1317 boc
980 1256 1047 1317 lieri
1067 1257 1243 1337 plerumque
1263 1257 1395 1317 aolitnna

289 1366 370 1423 esee,
389 1354 504 1405 norant
514 1344 567 1423 qui
579 1344 610 1403 in
623 1342 760 1403 codicum
776 1344 958 1403 Graecorum
974 1362 1069 1403 manu
1079 1351 1266 1403 exaratorum
1279 1341 1399 1402 lectio-

289 1452 330 1493 ne
342 1430 452 1493 verenti
470 1438 551 1489 sunt.
592 1430 694 1489 locurn
713 1450 806 1508 porro
827 1428 927 1505 hunc,
948 1436 985 1488 ut
999 1427 1032 1487 in
1045 1427 1133 1491 codd.
1147 1427 1263 1487 duobus
1280 1427 1351 1487 Bet
1362 1424 1395 1485 A

289 1517 458 1595 legebatur,
479 1511 698 1575 emendandum
717 1533 755 1575 ex
774 1513 921 1573 Vaticano
938 1512 1062 1594 putavi,
1083 1512 1223 1573 restituto
1243 1512 1395 1573 inlocum

289 1600 376 1668 verbi
392 1591 461 1664 odos
474 1603 520 1685 epi
535 1592 592 1663 oda
605 1600 716 1683 πίσσῃ,
733 1598 816 1677 quod
832 1599 886 1660 ille
900 1598 1030 1676 suggerit
1051 1596 1122 1665 satis
1134 1598 1173 1659 sd
1186 1616 1252 1657 rem
1265 1597 1393 1658 iaciens.

378 1682 528 1757 etatae
553 1705 587 1764 p.
613 1688 655 1751 28
679 1704 710 1745 ι.
733 1684 783 1751 14.
823 1680 859 1748 sd
880 1680 1000 1766 eoppae
1020 1682 1071 1747 tet
1091 1687 1133 1767 cpi
1152 1677 1248 1745 neilus
1266 1680 1392 1755 Biatne.

206 1782 209 1789 '
290 1770 448 1834 notissima
466 1778 512 1831 eet
534 1768 699 1849 impostura
720 1766 838 1846 Plautii,
866 1788 925 1849 qua
948 1768 996 1829 sui
1011 1768 1232 1829 revocationem
1246 1766 1285 1827 ab
1299 1768 1392 1827 exilio

291 1855 462 1917 eblanditus
475 1864 520 1915 eat
534 1875 550 1913 a
564 1855 689 1935 decepto
703 1854 813 1915 Basilio
825 1854 1023 1933 imperatore,
1045 1854 1179 1914 fabulosa
1198 1851 1263 1913 eius
1282 1871 1394 1931 genea-

290 1941 372 2021 logie
397 1940 571 2020 supposita,
594 1939 627 2001 in
648 1960 706 2019 qua
727 1940 827 2021 iprum
846 1938 991 1999 liasilinm
1003 1938 1183 2020 prophetice
1204 1938 1396 2016 designetnna

293 2025 575 2087 comminiscebatur
587 2024 735 2087 vocabulo
750 2026 863 2084 Beclua
879 2025 1006 2086 formato
1021 2042 1039 2083 e
1061 2024 1168 2103 pri-i·
1179 2024 1276 2085 literis
1294 2024 1395 2084 nomi·

292 2130 369 2173 num
381 2111 483 2172 desilii
493 2109 606 2191 ipsius,
627 2121 694 2171 tum
709 2110 801 2171 buius
813 2110 947 2187 coniugis
959 2108 1127 2185 Eudociae,
1148 2109 1283 2169 liliorum
1300 2129 1395 2188 prae-

293 2206 375 2257 terea
389 2197 485 2276 ipsius
498 2206 644 2275 quatuor,
667 2195 874 2270 Constantini,
896 2194 1014 2271 Leonis,
1035 2194 1217 2269 Alexandri,
1239 2193 1395 2273 Stephani.

295 2301 331 2341 ea
346 2284 412 2341 fuse
424 2290 586 2341 amantur
607 2281 741 2341 aNicets
758 2280 792 2340 in
808 2280 872 2342 rita
894 2280 925 2341 8.
938 2278 1048 2359 ignatii
1069 2278 1317 2362 patriarcbaeCP
1330 2290 1364 2340 et
1376 2300 1396 2337 a

294 2365 493 2425 Constantino
509 2365 652 2425 Menasee.

380 2445 535 2532 Btaiyaa
555 2471 587 2528 p·
604 2446 666 2516 865
688 2470 717 2511 v.
734 2446 784 2516 tt.
825 2445 862 2514 ed
881 2445 915 2512 dl
932 2445 1009 2534 πρὸς
1023 2444 1074 2514 rde
1094 2444 1223 2535 Btr'ym.
1267 2448 1393 2512 itacod.

294 2533 472 2598 Allstienue.
506 2535 685 2596 Barberinns
712 2555 785 2596 vero
809 2530 843 2599 ed
866 2531 940 2616 πρὸς
965 2542 1009 2622 epi
1027 2531 1149 2622 Bloiyap
1173 2536 1396 2601 cononum.-

295 2619 461 2680 Vetioenus
479 2619 545 2680 aine
561 2620 940 2685 mentioneaeourocnellau
954 2621 1001 2682 sic
1020 2619 1122 2682 babet:
1142 2619 1176 2684 sd
1192 2619 1226 2684 dl
1245 2618 1325 2703 sapie
1339 2616 1395 2684 ote

297 2701 454 2786 Bloiyeuv,
470 2705 504 2765 id
524 2707 658 2768 retorem
677 2705 715 2764 ad
728 2725 835 2766 vocem
851 2702 996 2786 νεώριον,
1016 2707 1145 2783 novole,
1165 2707 1302 2788 superius
1316 2706 1395 2787 poei-

296 2799 369 2851 tam.
404 2790 478 2871 quid
498 2792 589 2850 luerit
610 2791 662 2852 bic
678 2791 804 2852 Blanaa
823 2791 873 2852 vel
894 2792 1051 2868 Blanoue,
1072 2793 1105 2850 in
1124 2792 1327 2852 monumentis
1341 2799 1396 2852 ant

297 2875 550 2955 descriptionibus
565 2877 911 2958 Constantinopolitanae
917 2877 1001 2938 urbia
1010 2876 1142 2958 reperire
1152 2877 1289 2938 nondam
1300 2878 1397 2958 potui.

383 2955 582 3042 βοασμούς
611 2983 640 3042 p.
662 2963 724 3029 355
743 2982 775 3023 v.
794 2967 824 3027 7.
865 2962 911 3022 sic
935 2963 1067 3043 optimus
1088 2962 1186 3022 codex
1206 2962 1396 3040 barberinae,

268 3079 272 3088 ·
299 3043 386 3104 caius
403 3049 579 3108 auctoritate
600 3046 812 3124 corrigendum
822 3056 962 3127 putamus
982 3047 1161 3108 Alletiannm
1177 3048 1229 3128 qui
1243 3041 1397 3129 βοασισός

298 3130 379 3191 clare
394 3127 474 3208 legit.
517 3151 586 3192 nam
602 3143 632 3191 et
644 3133 822 3206 Vaticanus,
844 3132 916 3192 licet
931 3133 963 3194 in
982 3130 1041 3194 boc
1055 3133 1202 3193 vocabulo
1218 3133 1395 3210 balbutiens,

298 3213 393 3291 magis
416 3215 455 3276 nd
476 3215 672 3278 Barberinum
690 3218 837 3291 inclinat,
867 3217 940 3278 dune
960 3218 1004 3278 sic
1024 3217 1146 3290 exbibet
1172 3217 1256 3279 buno
1278 3219 1396 3278 loconrz

299 3293 357 3370 οὓς
368 3293 407 3372 dei
424 3297 580 3380 βσασμοΰς
593 3302 626 3365 ol
638 3301 738 3388 κοινοὶ
754 3302 902 3384 λέγουσιν.
945 3313 1068 3384 apparet
1079 3303 1186 3365 boetus
1202 3305 1316 3364 Graeca
1329 3303 1396 3363 lin-

299 3402 357 3462 gua
367 3384 487 3462 vulgari
502 3383 656 3467 βοσσμσιῖς
673 3388 789 3464 dictos,
816 3397 847 3448 et
866 3398 1007 3471 prompta
1023 3399 1068 3448 eat
1087 3388 1245 3468 originatio
1269 3383 1332 3452 dard
1342 3391 1395 3450 rosi

299 3469 380 3550 βοᾶν
393 3479 423 3529 et
435 3463 570 3550 βοᾶζειν,
590 3473 671 3532 unde
681 3475 795 3534 rectior
809 3473 944 3554 analogia
957 3473 1059 3555 potius
1074 3467 1211 3557 ῥοασμὸν
1222 3473 1397 3535 lormavuit

299 3573 389 3635 quern
402 3549 548 3636 βσασκόιι.

386 3642 516 3722 Pallori
523 3665 539 3714 ς
566 3661 596 3720 p.
617 3643 681 3708 282
701 3661 731 3705 v.
756 3647 805 3710 10.
857 3643 979 3704 invenio
1001 3636 1106 3726 Γᾶβρσ
1130 3661 1242 3705 nomen
1266 3642 1394 3704 civitatis

299 3721 435 3787 Persicae
447 3726 529 3806 apud
544 3726 760 3804 Ptolemaeum
783 3747 821 3787 ex
834 3749 894 3808 qua
903 3729 1028 3790 maiores
1043 3730 1182 3791 Germani
1196 3727 1394 3811 patriarchae,

302 3807 340 3868 de
361 3831 420 3889 quo
439 3810 490 3872 hic
509 3812 626 3890 egitur,
653 3822 736 3874 ortos
761 3815 907 3894 oportuit.
951 3824 1101 3888 caeterum
1124 3817 1203 3876 ratio
1217 3810 1397 3887 ἅπιθὲσεισς

221 3891 225 3901 ’
303 3895 435 3974 exigeret
447 3907 483 3958 ut
498 3919 516 3956 e
533 3897 630 3956 Gabra
642 3899 754 3975 gentile
768 3919 878 3962 nomen
893 3900 1087 3976 formaretur,
1110 3902 1191 3979 qnod
1204 3899 1397 3979 responderet

194 3987 286 4064 Pete
302 3981 348 4061 cpi
367 3977 477 4056 Λάζος.
521 3982 580 4041 nisi
606 3993 707 4042 noster
730 3987 852 4064 Γαβρᾶς
872 3985 903 4043 in
927 3995 1011 4046 recto
1035 4006 1091 4064 pro
1114 3979 1250 4067 Γαβρεύς
1270 3994 1324 4044 aut
1341 3987 1397 4047 re

302 4063 409 4204 ppeliog
421 4067 570 4162 posuerit,
592 4087 696 4128 norme
717 4069 847 4149 quadam
866 4089 920 4130 ena
935 4073 1076 4152 propria,
1098 4079 1133 4130 ut
1147 4078 1229 4130 amat
1239 4089 1309 4130 cnm
1323 4087 1397 4151 pau-

302 4165 345 4205 cae
372 4167 453 4225 oqur.

389 4237 620 4313 Poupositoe
644 4247 676 4298 et
695 4231 975 4316 recurvando
1004 4259 1035 4319 p.
1053 4243 1117 4306 309
1140 4243 1242 4305 r.14.
1291 4238 1399 4316 vulgus

302 4315 501 4396 Byzantinum
518 4320 669 4402 Hybrida·
683 4343 721 4386 ex
744 4324 857 4384 Latinis
879 4324 1031 4405 patribus,
1055 4325 1203 4386 mantuo·
1215 4324 1338 4386 Graecia
1350 4343 1401 4382 na·
