3125 4900
291 291 366 369 ιιι
484 237 488 250 ’
605 289 783 360 ceoncn
803 285 1067 356 rennuens

291 469 406 539 παθών
420 469 471 534 καλ
487 465 616 553 ῥαΐσας,
641 471 707 540 τοῖς
726 465 846 550 ίατροῖς
866 455 960 538 δόξαν
982 457 1014 524 ἓν
1030 459 1143 539 σχολῆς
1156 448 1243 542 τόπερ
1259 477 1390 535 μετατε-

292 574 389 642 θίντα
414 571 468 638 τάν
491 570 714 654 ἀρρωστοῦντα
742 564 815 630 κατ’
845 565 926 628 idiote
948 556 1180 645 θεραπεύεσθαι
1187 605 1199 642 ,
1233 555 1277 640 μὴ
1298 551 1389 638 καίῆ

293 677 422 760 ἀσχολία
442 673 552 759 τριβὴν
571 672 683 757 ἐμποιῇ
705 675 743 756 τῇ
763 665 864 756 νόσῳ,
899 667 960 730 ἐπεὶ
983 666 1032 729 καί
1052 663 1163 750 ῥαΐσας
1184 660 1262 746 πρὸς
1277 667 1321 750 τῷ
1338 663 1392 726 καὶ

185 799 207 853 Ρ
225 797 275 852 281
295 778 381 864 πόμα
399 774 589 860 καθαρτικὸν
606 774 841 860 προσφέρεσθαι
853 763 908 854 ἦν,
937 765 1024 851 ὁτῆς
1040 763 1176 850 Λαάρας
1196 765 1274 849 πρὸς
1288 769 1392 831 ταῦτα

292 881 388 959 τάπος
406 882 539 966 ἐκρίνετο
560 875 721 964 χρήσιμος.
773 875 825 940 καλ
846 871 862 938 ὅ
880 871 937 955 μὲν
951 870 1096 953 βασιλεάς
1113 869 1165 934 διὰ
1180 875 1278 934 ταῦτα
1293 875 1419 950 μετα-5

292 995 394 1055 θεῖναι
409 985 464 1049 τὸν
480 982 595 1068 Ἰωσὴφ
615 975 777 1062 ἐβούλετο,
806 973 849 1053 ώς
868 975 923 1041 οὖν
941 974 1086 1059 εὐπρεπὲς
1106 971 1208 1048 ἄλλως
1231 969 1266 1038 ὃν
1282 973 1315 1036 ἓν
1333 976 1394 1062 μιᾷ

292 1095 373 1176 μονῇ
388 1088 554 1172 διατρίβειν
566 1081 661 1150 τόντε
674 1081 769 1168 ἀργὸν
783 1081 815 1146 ἐκ
824 1080 1028 1166 πατριαρχίιις
1042 1079 1093 1142 καὶ
1102 1076 1154 1142 τάν
1163 1075 1223 1160 ἤδη
1237 1101 1394 1161 πατριαρ·

291 1190 433 1279 χεάοντα.
485 1187 558 1254 ἀλλ’
576 1183 748 1269 δ’ίωάννης
760 1183 827 1267 ἀμα
840 1183 896 1265 μὲν
914 1181 1002 1258 εἰδώς
1014 1179 1050 1246 τὸ
1069 1187 1125 1245 rori
1138 1179 1253 1265 Ἰωσὴφ
1270 1175 1391 1262 ἱλαρόν,

295 1299 345 1364 καί
365 1292 407 1371 ώς
421 1293 518 1358 αὐτοῦ
533 1291 641 1372 σχεδὸν
654 1285 873 1375 ψηφισαμένου
887 1286 998 1358 ίκεῖνος
1010 1283 1051 1349 cd
1063 1282 1198 1368 πηδάλια
1213 1289 1268 1366 τῆς
1282 1283 1396 1365 ἐκκλη-

296 1402 365 1475 σίας
377 1394 530 1478 ἐλάμβανε
546 1392 681 1478 (καὶγὰρ
697 1393 753 1476 τὴν
771 1390 830 1455 ἀπ’
845 1392 958 1455 ἐκείνου
971 1387 1089 1471 βουλὴν
1111 1389 1212 1454 θέλων
1233 1383 1250 1450 d
1269 1393 1395 1473 κρατῶν
1405 1393 1438 1445 10

258 1514 281 1568 Β
299 1497 466 1584 λαμβάνειν
481 1499 549 1582 περί
569 1494 736 1581 προσώπου
757 1490 995 1572 διεπυνθάνετο,
1023 1490 1159 1567 κάκεῖνος
1178 1495 1290 1554 τοῦτον
1306 1487 1396 1574 παρά

296 1604 370 1680 τοάς
392 1601 525 1676 πολλοὺς
545 1599 691 1685 ίξελίχετο
714 1595 757 1674 ώς
778 1597 880 1674 ἀλλως
903 1593 1071 1681 λόγωνκαὶ
1092 1596 1139 1660 ini
1152 1604 1217 1669 τοῖς
1233 1589 1395 1678 πράγμασι

296 1704 468 1792 τρίβωνα),
495 1702 561 1786 ἀμα
575 1705 632 1786 μὲν
650 1695 706 1769 οὖν
732 1701 785 1766 διὰ
803 1707 921 1782 ταῦτα,
950 1697 1015 1782 ἅμα
1037 1699 1070 1763 δὲ
1085 1701 1135 1764 καί
1155 1703 1200 1784 τῷ
1215 1703 1271 1780 τῆς
1282 1695 1396 1782 σφετέ-

199 1833 204 1849 ’
298 1836 356 1896 ρας
371 1806 494 1896 γνώμης
508 1803 656 1872 πιστεάων
673 1809 811 1892 είρηνικῷ
818 1852 830 1885 ,
857 1799 1019 1869 διεκώλυσε
1033 1803 1089 1882 μὲν
1105 1802 1159 1868 τὸν
1171 1799 1283 1886 Ἰωσὴφ
1296 1825 1398 1883 μετα-

297 1917 465 1992 τίθεσθαι,
493 1907 577 1977 οὕτω
590 1909 623 1975 d’
638 1908 726 1984 ὄντος
739 1910 832 1973 ἐκεῖσε
847 1909 897 1972 καλ
914 1905 1009 1982 αάτάς
1026 1911 1064 1991 τῇ
1078 1910 1158 1991 μονῇ
1173 1905 1313 1986 ίνδημεῖ,
1343 1905 1397 1966 καλ
1406 1905 1436 1959 15

296 2009 336 2102 ἦν
352 2016 387 2083 rd
401 2014 462 2081 ἀπὸ
476 2016 567 2081 τοῖνδε
582 2016 633 2079 καλ
647 2009 925 2098 προσαποστίλλων
942 2009 1019 2095 πρὸς
1036 2005 1170 2095 Ἰωσήφ,
1197 2009 1248 2071 καλ
1264 2005 1321 2082 τάς
1335 2005 1395 2071 ἀπ’

297 2121 411 2187 ίκείνου
425 2118 599 2202 ἀποκρίσεις
613 2112 810 2202 φιλοφρόνως
824 2115 875 2178 καὶ
888 2112 967 2196 μετά
985 2113 1168 2198 προσηνείος
1189 2104 1291 2192 πάσης
1306 2107 1399 2192 δεχό-

297 2247 397 2306 μενος.
448 2216 486 2305 ἦν
500 2222 559 2306 γὰρ
575 2217 591 2286 ὁ
606 2219 684 2303 ἀνὴρ
697 2220 808 2291 ἐκεῖνος
824 2211 972 2302 εἰρηνικός
993 2240 1025 2280 τε
1048 2217 1099 2280 καὶ
1120 2209 1241 2296 ἱλαρός,
1276 2214 1327 2278 καί
1340 2237 1398 2279 το-

262 2333 415 2396 σσοῦτον
430 2329 469 2410 τῇ
487 2329 544 2406 τῆς
566 2321 727 2405 ἐκκλησίας
748 2315 856 2421 πρηίξει
876 2315 1034 2403 ἀπήχθετο
1058 2315 1137 2385 ὥστε
1157 2315 1236 2404 μηδ’
1255 2311 1399 2400 αίσχάνι-

368 2508 393 2561 l.
407 2499 567 2574 μεταθέντα
581 2503 611 2557 Ρ.

300 2661 342 2715 vel
359 2678 376 2716 e
392 2659 457 2713 melo
480 2660 537 2728 ipeo
562 2658 638 2711 rele
659 2656 779 2711 remediie
795 2672 887 2727 petent
911 2656 1057 2711 meliuscule
1074 2656 1124 2711 iem
1145 2657 1240 2712 hebere
1256 2656 1398 2716 rideretur.

298 2730 406 2785 ἰιοιλίοἱτ
422 2729 507 2782 riuum
523 2727 658 2781 tremelerri
683 2744 787 2796 eegrurn
817 2732 938 2795 oportere
960 2727 986 2779 in
1003 2728 1136 2781 eeductum
1152 2746 1168 2781 e
1185 2728 1262 2780 turbe
1279 2726 1400 2795 negotio·

299 2817 356 2856 rum
381 2800 479 2866 locum,
503 2798 550 2851 ubl
576 2796 660 2851 cuceri
681 2814 729 2867 per
751 2796 830 2850 otium
854 2804 956 2865 poscet,
986 2797 1057 2851 nulle
1079 2797 1257 2869 interpellante
1281 2796 1399 2849 mulcetie
1422 2860 1424 2863 Ι

301 2868 506 2941 quotidianorum
524 2867 727 2937 occupationum.
761 2866 931 2919 decreverunt
946 2870 1030 2919 autern
1047 2867 1074 2920 in
1090 2867 1141 2920 iste
1166 2866 1191 2919 ei
1207 2867 1294 2936 quiete
1309 2865 1400 2945 propi-

300 2934 954 3062 liirtl‘ssllittlill„ilt‘ttitnltffi
977 2936 1098 3057 illiti
1123 2934 1248 3057 ‘illiti
1266 2943 1400 3057 ‘wll

302 3077 446 3199 tli'itl‘
464 3022 1401 3197 Ltlttl‘tl'litltll'tltllttlilllititillat}

302 3164 377 3267 nendi
400 3161 550 3264 exiediment
571 3160 807 3280 eodemplroepiteri
831 3210 957 3264 domicilio
987 3182 1152 3265 deceseorem’
1175 3228 1400 3281 eucceesoremque

301 3282 500 3354 patriarchatue.
534 3297 622 3333 verum
646 3280 756 3333 Ioennee
779 3278 854 3333 eimul
877 3288 1032 3351 compertam
1049 3282 1145 3334 hebeno
1169 3298 1263 3334 contem
1280 3282 1400 3335 hilarem-

301 3367 354 3421 que
369 3349 471 3418 loeephi
488 3348 614 3413 indolem,
632 3348 706 3402 eimul
724 3348 839 3403 coneciue
855 3349 912 3419 ipeo
929 3355 1026 3403 tentum
1043 3368 1092 3403 non
1110 3351 1179 3403 clere
1196 3350 1328 3421 palemque
1344 3352 1401 3404 eui-

301 3422 422 3488 fregente
447 3433 506 3469 eene
531 3434 612 3487 nuper
637 3420 670 3471 ed
694 3418 819 3471 eccleeiee
843 3420 921 3473 luieee
944 3419 1115 3488 gubernacula
1135 3428 1274 3490 promotum
1292 3420 1401 3489 (etenim

301 3488 403 3559 Ioeephi
420 3486 572 3540 sententium
588 3487 622 3539 de
638 3503 787 3541 eucceeeore
803 3488 890 3542 volene
907 3488 1047 3557 imperetor
1062 3488 1214 3558 explorare,
1240 3478 1401 3543 d'onsnlueret

303 3576 360 3612 eum
378 3558 410 3610 de
427 3572 536 3626 pereoue
552 3574 627 3626 quem
651 3556 675 3608 ei
699 3556 797 3610 muneri
823 3563 909 3627 eptern
933 3557 1075 3624 indiceret3
1099 3566 1126 3611 et
1148 3558 1272 3628 Iosephue
1290 3559 1400 3611 Veccum

303 3646 367 3698 pree
385 3626 470 3680 multie
488 3629 519 3677 od
535 3625 561 3678 id
578 3626 695 3694 elegerat
710 3633 741 3679 ut
763 3632 791 3678 et
813 3627 908 3696 elloqui
930 3626 1051 3680 dieertum
1075 3644 1106 3680 ec
1122 3628 1240 3695 doctum,
1265 3634 1401 3699 praeteree

302 3697 463 3765 negotiorum
486 3694 706 3748 administratione
728 3694 830 3759 tritum,
854 3696 963 3766 denique
986 3702 1090 3765 preeter
1113 3704 1231 3762 caetere,
1255 3697 1324 3767 quod
1346 3697 1401 3749 ciue

302 3766 439 3837 trenquillo
456 3769 484 3817 et
503 3764 616 3817 etudioeo
631 3766 705 3833 pecie
722 3765 823 3832 ingenio
840 3762 994 3834 confideret)
1011 3768 1091 3831 neec,
1108 3766 1218 3837 inquam,
1235 3767 1342 3819 loennce
1359 3784 1400 3819 re·

304 3843 398 3904 putene
422 3835 526 3887 obstitit
545 3852 595 3905 quo
618 3834 699 3887 minue
721 3834 782 3885 inde
799 3834 922 3904 loeeplrue
945 3844 1115 3888 emoreretur.
1150 3836 1193 3888 illo
1211 3835 1290 3903 igitur
1306 3836 1400 3888 ibidem

303 3912 481 3972 permanente,
510 3903 597 3957 'eodem
617 3911 644 3955 et
660 3903 717 3972 ipee
735 3904 855 3966 divertit,
877 3904 1006 3957 mieoitens
1026 3904 1132 3958 eubinde
1149 3904 1277 3957 olficioeee
1294 3905 1327 3958 ed
1344 3922 1400 3958 eum

305 3972 487 4039 eelntetionee,
505 3980 533 4026 et
548 3980 648 4025 metune
663 3974 695 4025 eb
713 3972 770 4042 ipeo
789 3972 913 4025 comitetie
930 3973 1124 4027 ltumeuieeimee
1143 3974 1342 4043 significationes
1358 3991 1401 4025 re·

305 4040 411 4109 cipiene.
447 4048 506 4095 eret
530 4041 596 4095 enirn
619 4042 743 4111 Ioeephue
768 4042 833 4094 edeo
850 4042 974 4110 pacificae
992 4042 1158 4113 plecideeque
1174 4050 1300 4106 neturee,
1324 4051 1398 4097 uteo

304 4110 372 4179 quod
389 4112 513 4164 ltectenue
529 4111 638 4165 ecclesie
655 4119 744 4179 egeret
759 4111 793 4164 ed
818 4128 906 4178 pecem
924 4114 1033 4165 obletem
1050 4113 1241 4165 disturbendem
1258 4114 1400 4167 offendere·

304 4185 365 4242 tur,
382 4195 430 4232 nec
446 4181 544 4233 veritus
560 4182 654 4233 luieeet
670 4179 869 4250 leterieeepiue
885 4198 929 4248 ee,
947 4182 996 4235 uiei
1013 4190 1218 4252 praeoccupetue
1231 4181 1367 4236 iuramenti
1383 4198 1398 4232 e

304 4263 335 4301 ee
350 4246 435 4317 pelem
450 4246 655 4318 editlreligione
674 4248 783 4319 ἱαῖιιει,
806 4250 841 4304 ed
864 4251 948 4305 omuie
972 4250 1054 4305 irdeee
1069 4266 1247 4306 memorum
1268 4268 1317 4306 nec
1334 4250 1398 4306 euin
