3125 4900
422 140 570 248 nutu.
609 167 979 252 canonomelcua
1138 175 1248 254 '743
1300 155 1303 162 ’

120 337 254 419 graves
269 347 307 400 'st
320 339 370 400 'rei
388 333 542 400 Romanae
558 333 816 420 pernic'wtiseimis
840 343 1008 406 inimicitias
1035 347 1186 424 exercuit,
1217 347 1250 408 in

121 426 348 485 Cantucureni
366 426 541 504 praerertim
562 425 686 486 hirtoria
709 437 865 504 usn-atae,
885 428 1093 508 Andronicus,
1113 434 1355 511 inquam,1³526

121 511 255 570 Sosaior
274 509 426 570 nich-uir
444 511 607 590 Pelscologi
625 511 733 590 prieris
751 514 979 592 primogenitus,
1000 517 1116 598 imperii
1137 519 1248 598 collega

120 605 167 655 et
194 605 272 676 post
292 596 387 676 patrie
407 605 537 655 mortem
558 613 724 672 successor,
745 594 867 675 quando
885 609 975 661 nrtns
995 601 1050 678 ait,
1072 622 1131 680 qua
1150 613 1247 664 aetate

120 699 277 741 uxorem
293 681 431 757 duxerit,
452 701 512 759 quo
526 701 605 742 anno
616 682 766 762 particeps
779 685 877 744 iactae
890 685 982 746 fuerit
996 687 1144 766 Augustae
1157 698 1247 768 pote-

120 767 248 842 ntatis,
268 766 418 826 incertum
431 767 544 826 faciunt
556 767 657 827 variae
670 787 706 826 ac
718 768 795 828 maie
809 771 960 829 interrae
973 769 1164 834 cohaerentes
1176 791 1246 835 cum

120 850 337 930 Pachymesis
360 861 427 911 tum
447 853 594 931 Gregorse
613 861 643 911 et
661 852 786 913 aliorum
807 855 859 934 qui
875 853 1004 914 deillius
1016 857 1105 916 rebus
1119 858 1246 938 scripse-

119 947 220 998 runt
240 936 460 997 aiiinnationee
502 956 594 1014 quare
607 939 853 1018 operaepretium
867 959 913 999 me
927 941 1076 1000 farnitum
1091 946 1198 1020 statui,
1219 945 1246 1005 si

122 1022 331 1084 evolvendae
342 1041 381 1082 ex
394 1023 565 1100 ambagibus
577 1031 608 1082 et
620 1031 717 1100 certo,
738 1024 839 1104 quoad
860 1023 976 1099 licebit,
999 1025 1175 1104 digerendae
1190 1049 1245 1088 or-

123 1108 213 1169 dine
234 1124 337 1168 rerum
356 1107 449 1188 ipsius
464 1106 522 1167 bac
540 1107 666 1168 historia
678 1119 907 1170 monor-aterum
922 1107 1127 1192 chronologiae
1140 1110 1244 1191 capitis

122 1193 235 1252 huius
255 1212 376 1274 operam
385 1193 604 1274 impenderem.
645 1195 742 1274 prima
757 1195 889 1256 omnium
900 1195 1060 1256 statuenda
1074 1206 1117 1255 eet
1129 1197 1243 1278 epocha

122 1275 253 1339 natalis
272 1277 436 1338 Audrnmei
453 1277 558 1352 buius,
579 1280 727 1358 perplexis
741 1280 927 1360 Fachyrneris
942 1291 973 1340 et
987 1282 1134 1361 Gregorae
1147 1302 1243 1342 asser-

121 1361 276 1424 tionibus
289 1374 410 1424 nutans.
451 1364 554 1423 scribit
565 1364 760 1444 Pacbymeres
773 1365 792 1424 b
805 1371 825 1430 8
838 1386 864 1428 e.
877 1371 898 1432 7
911 1365 1097 1426 Theodoram
1109 1365 1242 1426 Michre-

58 1494 60 1527 r
121 1449 170 1509 iis
192 1448 365 1528 Palaeolcgi
383 1467 525 1526 uxorem,
546 1469 616 1510 cum
635 1450 824 1531 comperisset
843 1451 942 1512 virum
963 1469 1050 1511 saum
1062 1452 1190 1531 cogitare
1203 1453 1242 1512 de
1262 1463 1264 1474 ’

122 1553 163 1594 ee
174 1535 372 1614 repudienda
383 1533 631 1614 adsciscendrque
640 1535 707 1596 ioco
719 1537 780 1596 eine
791 1537 823 1596 in
836 1537 988 1616 coniugam
1000 1537 1088 1598 Anna
1099 1538 1242 1596 Alcmana

124 1621 261 1682 Ioannis
279 1619 422 1680 Batatm
440 1620 511 1679 clim
531 1619 658 1700 Augusti
671 1617 784 1697 ¹vidua,
805 1621 950 1701 graviter,
971 1630 1008 1683 ut
1027 1641 1085 1701 par
1104 1631 1184 1698 eret,
1206 1621 1241 1682 id

120 1708 302 1781 ferentm,
323 1705 524 1784 expostutasse
538 1706 621 1783 quod
632 1725 665 1764 so
675 1715 846 1766 coronatam
859 1707 917 1766 iarn
930 1707 1093 1786 Auguetam
1102 1709 1164 1766 sino
1180 1707 1240 1766 ulia

125 1811 232 1852 causa
245 1793 409 1869 imperator
420 1790 513 1851 rollo
525 1790 694 1868 dimittere,
714 1801 872 1872 postquam
886 1793 912 1851 ei
925 1792 985 1851 iam
998 1791 1132 1872 Angusto
1146 1811 1240 1871 pepe-

125 1879 228 1938 risset
248 1875 342 1951 iiiios,
361 1875 492 1954 primum
510 1875 631 1953 quidem
643 1875 812 1938 manuum
824 1877 878 1956 qui
891 1877 953 1938 cito
964 1877 1110 1958 perierat,
1132 1876 1241 1936 deinde

58 2018 59 2023 ,
125 1979 213 2024 vero
229 1960 438 2020 Andronicum
456 1959 558 2021 adbuc
575 1965 777 2042 euperstitam,
799 1979 888 2039 quem
899 1972 986 2042 pater
999 1963 1078 2042 regie
1094 1962 1240 2036 nutribat,

57 2107 61 2144 l
130 2047 269 2125 denique
288 2046 415 2106 tertium
431 2053 588 2124 postquam
607 2047 644 2105 in
658 2047 766 2107 urbem
787 2047 1071 2127 Constantinopolim
1091 2065 1109 2105 ο
1125 2047 1239 2106 Latinis

58 2194 59 2199 ,
126 2141 290 2211 receptam
308 2131 474 2210 imperator
487 2131 684 2210 migraveret,
705 2131 766 2192 illic
778 2133 810 2191 in
824 2150 959 2213 purpura
971 2141 1077 2192 natum
1090 2133 1238 2192 Constan-

58 2222 59 2227 ’
126 2218 240 2277 tinum
260 2215 398 2292 nomine,
426 2224 621 2296 cognomento
641 2216 941 2297 Porphyrogenitunn
984 2213 1008 2298 ἦ
1013 2216 1141 2298 ’βασιλὶς
1162 2219 1237 2279 Oro⁴

58 2290 60 2313 ¹
128 2297 225 2385 θόρον
238 2305 375 2382 χαλεποῖς
387 2295 465 2381 εἶχεν
474 2299 609 2383 birros,
630 2303 661 2364 εἰ
675 2301 820 2365 δέσποινα
831 2299 992 2382 imperiive
1006 2293 1083 2366 odon
1096 2299 1148 2363 noi
1161 2325 1235 2384 yvq·
1317 2317 1319 2324 ’

57 2454 61 2490 I
127 2390 186 2453 uio
207 2380 306 2470 γυνή,
326 2379 385 2450 ia'
403 2379 493 2468 dvdpi
513 2404 547 2450 rt
566 2390 609 2493 rqi
625 2388 744 2468 βασιλεῖ
754 2391 884 2450 serotino
899 2388 1024 2465 παῖδας,
1045 2384 1099 2448 καὶ
1112 2390 1235 2468 πρῶτον

123 2472 191 2585 priv
210 2464 415 2552 ἐποιχόμενον
434 2468 543 2547 ἄλλον,
560 2493 615 2534 νον
635 2466 809 2551 Menoetii,
830 2467 895 2535 siro
911 2468 945 2534 di
959 2471 1011 2533 net
1026 2468 1081 2535 τόν
1095 2466 1235 2551 περιόντα

58 2633 59 2640 ¹
130 2551 343 2636 Avtpimov,
366 2552 404 2619 dr
421 2558 582 2635 βασιλικοῖς
600 2554 619 2619 ὁ
636 2553 862 2637 nurn'pspipoe.
904 2576 943 2615 ex
956 2554 1003 2614 his
1017 2555 1137 2616 ridetur
1149 2576 1235 2634 posse

58 2659 59 2662 ’
129 2642 232 2719 colligi
244 2639 590 2719 eensirae‘Pachymerem
602 2638 822 2711 Andronicum,
843 2638 934 2699 immo
949 2647 978 2697 et
995 2649 1147 2717 praeterea
1165 2640 1234 2698 Ma-

128 2728 254 2791 nutiem
268 2723 351 2804 priue
360 2732 529 2798 mortuum,
558 2731 629 2800 post
641 2722 750 2781 initum
763 2742 782 2779 a
797 2720 938 2782 nicheus
951 2722 1122 2801 Palaeologo
1136 2724 1233 2801 impe-

130 2816 211 2875 rium
222 2818 322 2884 netas,
341 2818 378 2868 ut
388 2808 431 2867 sic
441 2808 509 2867 illos
521 2816 619 2867 mater
629 2822 733 2867 eorum
743 2806 902 2869 Theodora
912 2806 981 2868 rina
992 2807 1051 2865 iem
1063 2808 1232 2886 imperanti,

130 2894 222 2981 ἀνδρὶ
236 2899 281 2979 τῷ
293 2896 423 2975 βασιλεῖ,
442 2892 601 2972 pepererit.

214 2981 255 3041 11.
296 2978 389 3055 Atqui
407 2975 468 3037 hoo
487 2976 608 3057 quidem
621 2986 770 3059 repugnat
781 2976 838 3057 ipsi
850 2977 979 3057 primum
992 2975 1167 3055 Paehymeri
1182 2976 1229 3035 ai·

129 3064 267 3131 firmanti
285 3063 490 3125 Andronicum
511 3084 605 3123 annos
624 3072 731 3123 natum
749 3072 881 3140 quatuor
897 3070 927 3120 et
944 3061 1049 3141 viginti
1067 3062 1147 3141 patri
1159 3080 1229 3120 mo-

132 3154 224 3216 rienti
235 3148 418 3211 succeeeiese.
459 3150 485 3208 si
499 3147 612 3207 euimis
628 3156 713 3229 patre
726 3148 786 3207 iam
799 3148 979 3227 imperante,
1001 3156 1032 3206 at
1047 3146 1167 3224 quidem
1178 3166 1228 3205 se-

134 3238 251 3299 cundus
267 3244 336 3315 poet
346 3234 515 3295 bisuntiem
528 3234 561 3293 in
573 3234 699 3293 intende
709 3242 881 3309 mortuum,
902 3232 991 3292 natus
1004 3241 1063 3309 est,
1084 3252 1152 3292 oum
1166 3230 1227 3290 idi-

133 3324 233 3398 chael,
252 3330 289 3379 ut
306 3328 352 3379 est
369 3320 621 3395 demonstratum,
640 3318 787 3399 imperare
802 3316 1137 3396 coeperitkai.1anuar.
1153 3316 1225 3376 anni

136 3408 242 3469 Christi
250 3411 342 3481 1260,
354 3405 456 3466 venire
464 3406 497 3465 in
505 3405 602 3465 lucem
614 3424 676 3463 non
690 3404 792 3483 potuit
804 3413 875 3462 ante
887 3422 998 3463 cunum
1011 3402 1121 3461 Christi
1132 3404 1225 3477 1261,

135 3492 246 3573 imperii
263 3490 427 3569 Palaeoiogi
444 3490 623 3563 secundum
642 3498 674 3547 et
691 3496 918 3565 consequenter,
939 3488 1063 3565 quando
1073 3486 1153 3545 idem
1164 3486 1223 3544 Pe-

135 3579 279 3656 heolcgus
290 3574 417 3635 Michael
428 3596 525 3648 suno,
544 3584 582 3634 ut
597 3595 660 3653 cap.
672 3576 808 3652 sequenti
824 3572 1090 3646 demonstrabitur,
1112 3569 1224 3629 Christi

139 3666 218 3727 1282
232 3670 370 3721 mortum
382 3670 444 3739 est,
462 3660 650 3721 Andronicus
663 3679 726 3718 non
738 3659 795 3718 nisi
809 3678 955 3719 annorum
966 3658 1056 3717 unius
1070 3664 1101 3715 et
1115 3654 1222 3734 viginti
1240 3706 1247 3717 .

137 3764 197 3804 essa
208 3746 358 3824 potuisset.
397 3754 511 3825 pugnet
521 3744 554 3804 id
567 3746 655 3803 etiam
668 3746 784 3804 cum'eo
796 3744 878 3823 quod
894 3745 1037 3823 Gregorar
1050 3740 1154 3800 scribit
1164 3740 1184 3799 1.
1198 3738 1220 3805 4

138 3850 167 3910 p.
179 3828 232 3905 40,
253 3829 441 3906 Michablem,
457 3852 526 3891 cum
550 3830 673 3890 solemni
694 3850 803 3909 pompa
821 3826 1107 3907 Constantinopolim
1125 3843 1143 3882 a
1158 3822 1219 3883 suis

137 3918 332 3992 recuperatam
349 3916 496 3996 ingressus
513 3924 575 3991 est,
596 3914 800 3974 Arrdronimm
812 3915 907 3975 iilium
920 3916 980 3973 iam
990 3922 1057 3973 tum
1068 3910 1215 3970 bimulum

140 3999 257 4059 duxit&-
298 3998 377 4064 ἰέναι
401 3998 478 4084 προς
496 3996 554 4081 τήν
574 4002 712 4081 βασιλίδα
730 4004 793 4063 τοῖν
818 3996 937 4064 πόλεων
959 3994 1022 4079 ἅμα
1039 4000 1078 4080 τῇ
1097 3988 1214 4077 rogero

138 4086 273 4169 δεσποίνῃ
292 4084 345 4149 nai
362 4090 407 4171 epi
424 4088 483 4173 oiqi
498 4078 694 4168 Ἀνδρονίκῳ
706 4088 750 4169 epi
769 4082 830 4167 vio
853 4086 970 4165 dorstet
988 4074 1127 4161 deicerer
1149 4078 1215 4151 inor

139 4166 235 4254 ἄγοντι
243 4172 295 4253 τῆς
308 4168 436 4256 ἡλιαίας.
474 4171 639 4233 certissimo
651 4170 731 4233 enim
740 4170 898 4232 statuimus
910 4168 1044 4250 ruperint
1052 4166 1216 4247 ingrestum
