3125 4900
301 289 377 362 646
604 282 837 355 oasaRvat.
860 278 1096 349 ramentas.

302 452 439 519 feminini
467 452 582 535 gennis
610 472 670 511 non
696 468 769 517 esse.
812 448 877 528 ipss
902 446 996 527 igitur
1018 466 1050 507 ss
1074 444 1212 527 snppleat
1232 444 1259 505 B
1280 443 1410 520 codex,

304 542 359 649 spui
387 559 455 600 cum
484 560 513 618 p.
537 540 597 601 180
623 556 653 598 v.
675 540 731 611 19,
761 532 964 593 consentiente
990 531 1047 591 sibi
1074 532 1242 609 altanum,
1278 531 1413 591 scribat

305 622 368 691 end
386 628 443 688 sesi
461 620 605 703 Μορὲου,
633 620 764 699 suggerit
786 618 874 678 nobis
894 617 966 696 quid
985 625 1054 697 post
1073 614 1147 676 haec
1166 636 1218 675 sna
1241 617 1341 675 verba
1367 614 1412 678 ἐκ

304 714 362 775 τοῦ
382 751 484 770 .....
504 706 671 786 exscriptor
684 702 815 763 omiserit
830 704 927 783 spatio
938 702 1056 763 relicto.
1086 701 1330 762 Vaticanualoco
1343 701 1411 760 illo

304 794 423 857 tertium
443 811 474 851 ss
497 790 741 871 adstipulatorem
762 788 862 864 addit,
882 788 942 847 nisi
962 788 1045 867 quod
1060 788 1204 867 Μοραίοα
1215 786 1326 845 scribit
1341 806 1412 866 pre

304 876 442 957 Μορὲου.
483 877 619 959 ριὀῐοσιρ
641 894 678 935 er
701 874 804 933 Moreo
828 874 889 932 sivo
912 874 1027 948 Mores,
1049 870 1165 931 hoceat
1179 870 1411 950 Peloponneso,

303 964 422 1025 venisse
438 962 570 1021 Lacones
591 960 741 1041 oportuit,
762 979 831 1019 ouer
847 958 890 1017 ibi
904 957 942 1017 sit
954 956 1112 1017 Laconica.
1146 956 1283 1016 translati
1295 965 1411 1015 amem

303 1048 375 1110 inde
395 1057 468 1108 tunc
488 1046 648 1122 videntur,
671 1044 805 1124 quando,
825 1052 861 1103 ut
878 1043 960 1103 infra
974 1063 1007 1124 p.
1018 1042 1081 1108 205
1093 1061 1124 1102 v·
1136 1040 1157 1105 4
1170 1050 1270 1101 noster
1281 1040 1411 1116 scn‘bit,

305 1131 385 1214 depo
406 1125 640 1211 Πελοποννήσου
659 1124 738 1209 α’μφὶ
758 1128 979 1211 Μονσμβασίασ
1001 1123 1059 1192 edo
1078 1122 1273 1213 Zudprpvasnl
1291 1132 1412 1189 Ans-

305 1220 428 1301 estnon
441 1212 502 1279 sind
512 1214 664 1296 Ῥωμαίοις
676 1212 821 1296 ἐγένοντο.

383 1324 422 1383 φ.
440 1304 500 1365 192
517 1306 613 1367 v.10.
654 1299 831 1378 Dacs'byrae
851 1296 975 1357 didam.
1018 1296 1136 1357 videtnr
1155 1294 1361 1376 Paelrymerea
1378 1304 1413 1355 et

304 1386 359 1451 laic
380 1396 410 1447 et
431 1384 574 1459 inferius,
594 1406 625 1465 p.
642 1388 702 1450 198
715 1404 744 1447 v.
759 1385 814 1459 16,
834 1392 1044 1464 praetereaque
1058 1404 1090 1464 p.
1104 1386 1166 1449 307
1179 1402 1209 1446 v.
1225 1388 1283 1458 tt,
1301 1381 1414 1442 Μοθ-

305 1473 445 1533 tisterum
466 1478 596 1529 casuum
616 1488 686 1528 cum
708 1469 856 1549 Decibyze
878 1468 1078 1543 confundere,
1100 1486 1174 1547 qnae
1186 1477 1288 1528 tamen
1301 1468 1414 1526 Acro·

305 1557 401 1641 polite
422 1554 591 1633 distinguit,
613 1555 656 1613 sic
669 1554 803 1615 scribens
818 1574 845 1613 c.
856 1557 899 1618 37
915 1554 991 1616 Hist.
1007 1574 1038 1633 p.
1053 1557 1112 1617 32:
1132 1552 1184 1615 asel
1202 1552 1413 1633 παραμείψας

306 1638 362 1706 eds
376 1633 491 1723 χάρακα
506 1634 660 1721 ἐπόρθησε
676 1634 731 1717 τήν
746 1632 921 1719 donatrices
932 1634 991 1719 πρὸ
1001 1641 1112 1722 καιροῦ
1126 1637 1178 1701 καὶ
1187 1638 1307 1717 κατέσχε
1324 1631 1410 1699 ταύ-

306 1750 377 1808 την,
398 1722 519 1805 προσέτι
542 1722 669 1787 καὶτοῦ
696 1718 881 1803 Μκητιᾶποα
903 1718 1062 1804 φρούριον.
1102 1724 1181 1784 forte
1195 1723 1316 1802 utrique
1335 1721 1408 1781 arci
1503 1761 1504 1810 g

306 1830 464 1871 commane
477 1803 663 1889 Nsnprsairoo
673 1828 784 1869 nornen
796 1808 897 1880 inerit,
918 1809 1005 1869 alteri
1018 1817 1116 1868 antem
1127 1828 1229 1869 earnm
1240 1806 1409 1889 proprium
1503 1813 1504 1862 ζ

306 1890 479 1977 Δακιβύζης
485 1921 495 1973 3
516 1894 595 1955 unde
611 1889 820 1974 Νισητιᾶπων,
840 1893 952 1975 plurali
968 1914 1111 1967 numero,
1132 1902 1233 1954 noster
1251 1892 1408 1975 posuerit.

391 2002 422 2062 p·
435 1978 498 2046 214
511 1999 540 2039 r.
554 1984 583 2044 8.
624 1982 822 2061 προσπίπτειν
837 1978 881 2065 τῷ
899 1974 1075 2059 τῆςῬοὶμης
1086 1973 1181 2063 ποὶπα.
1222 1978 1409 2038 νεώσοικοι
1503 1977 1504 2048 l

305 2064 506 2147 imperatoris,
524 2064 631 2144 quibus
645 2064 774 2124 offensus
790 2064 899 2125 duritie
912 2063 1031 2123 Arsenii
1044 2062 1238 2143 patriarchae,
1251 2062 1311 2123 salsi
1325 2082 1409 2121 con-
1503 2077 1504 2094 ¹

305 2152 404 2212 fitenti
419 2150 532 2211 crimen
544 2158 575 2209 ct
587 2148 724 2211 offerenti
735 2171 767 2211 se
780 2158 917 2230 paratum
932 2148 971 2207 ad
984 2149 1214 2209 satisfactionem
1227 2156 1259 2208 et
1269 2167 1407 2228 poenam
1503 2193 1504 2224 p

307 2236 499 2311 canonicam,
519 2235 733 2316 poenitentiam
754 2246 784 2295 et
804 2252 887 2315 spem
905 2233 1158 2294 reconciliationis
1180 2242 1284 2293 contu
1307 2252 1407 2292 cane-

307 2341 362 2383 nes
384 2319 534 2398 negantis,
555 2319 598 2378 ait
618 2328 734 2399 tempus
758 2338 821 2379 esse
840 2319 1015 2379 recurrendi
1035 2319 1074 2379 sd
1091 2322 1256 2379 llomsnam
1272 2316 1407 2399 pontili-
1503 2333 1504 2372 l

308 2424 389 2479 cem,
418 2405 458 2464 ad
479 2423 565 2484 quesn
586 2400 729 2464 videlicet
753 2403 930 2484 agnoscebat
951 2404 1106 2485 antiquum
1126 2404 1173 2465 ins
1198 2422 1261 2464 esse
1283 2422 1407 2485 proro-
1503 2401 1504 2408 ’

309 2489 397 2550 candi
411 2489 447 2548 ab
459 2487 571 2568 iniquis
584 2487 700 2547 iudiciis
711 2509 896 2549 summorum
906 2490 995 2550 etiam
1008 2490 1253 2570 patriarcharum.
1294 2498 1327 2548 et
1337 2509 1406 2548 nro-
1503 2498 1504 2541 i

309 2575 366 2635 dns
387 2573 530 2652 loquendi
547 2571 694 2651 significat
715 2573 843 2652 viguisse
864 2573 962 2634 adhuc
984 2575 1084 2654 illam,
1110 2575 1198 2634 etiam
1217 2575 1253 2633 in
1274 2573 1406 2633 Graecia

222 2697 231 2717 ο
308 2657 467 2719 schismate
481 2679 497 2717 a
510 2659 622 2718 Litinis
634 2657 750 2719 divulsa
758 2703 767 2735 ,
790 2658 960 2740 opinionem
974 2669 1063 2740 atque
1073 2659 1266 2736 sententiam,
1287 2660 1406 2738 qnippe

308 2743 548 2805 fundatissimam
568 2741 602 2802 in
621 2761 706 2804 sacro
730 2744 868 2824 dogmate
880 2755 910 2806 et
922 2745 956 2805 in
971 2746 1052 2805 omni
1065 2744 1207 2808 memorie
1217 2744 1406 2806 ecclesiasti·

311 2849 364 2894 cae
378 2828 572 2908 antiquitatis.

396 2935 425 2994 p·
438 2918 501 2978 216
516 2933 545 2975 v·
559 2917 610 2980 21.
652 2912 750 2996 ἐκείνη
769 2909 1005 2990 σ’ἒσνοθείας.
1046 2935 1095 2976 res
1117 2914 1403 2976 lrionsrratnrtasn

310 2999 497 3072 iffledibilis
520 3010 556 3061 ut
577 2999 719 3059 mendum
741 2999 855 3060 codicis
875 2999 1008 3080 primum
1024 3000 1124 3079 legens
1136 2999 1324 3079 suspicarer,
1343 3017 1403 3056 neo

310 3085 455 3142 inducere
476 3105 591 3162 possem
614 3084 646 3143 in
665 3084 795 3146 animum
815 3104 941 3144 uxorem
958 3086 1098 3165 despotae
1111 3082 1245 3160 loannis,
1266 3082 1402 3142 fratrim

310 3168 515 3247 imperatoris,
538 3178 703 3229 matronam
718 3170 781 3230 eius
800 3169 876 3247 loci,
898 3190 960 3230 non
976 3171 1074 3230 solum
1089 3187 1128 3230 ex
1142 3167 1290 3228 adulterio
1307 3186 1404 3248 pepe-

311 3251 387 3312 risse
411 3253 462 3310 ssd
481 3251 578 3329 palam
604 3255 672 3314 viro
698 3255 846 3315 tolerante
870 3254 1011 3315 educasse
1033 3255 1125 3314 filiam
1145 3253 1294 3334 aperiam,
1325 3269 1403 3331 qnae

311 3345 431 3417 posteo,
454 3335 564 3396 Ioanne
576 3339 691 3399 scilicet
702 3339 768 3418 ipso
784 3340 911 3420 despota
925 3350 955 3399 et
966 3341 1059 3400 tratre
1071 3339 1164 3419 ipsius
1178 3338 1312 3416 Angusto
1325 3355 1403 3394 con-

313 3421 494 3497 ciliantibus,
514 3421 627 3482 iberiae
642 3425 773 3506 principi
786 3425 932 3485 collocate
944 3425 993 3487 sit.
1033 3434 1192 3483 tantumne
1204 3433 1264 3482 tem
1278 3420 1404 3500 impune

312 3505 488 3566 mulieribus
498 3505 541 3564 ibi
551 3505 663 3566 licuit?
705 3529 810 3572 veram
823 3510 980 3570 conferens
994 3508 1068 3569 alios
1084 3508 1203 3569 codices
1217 3526 1281 3567 rem
1291 3504 1404 3582 ubique

315 3600 487 3650 constanter
500 3590 533 3650 in
551 3591 676 3651 eundem
690 3593 813 3653 modum
827 3613 997 3674 expressam
1008 3594 1118 3676 reperi.
1158 3590 1298 3653 dnonas
1313 3591 1404 3649 etiam

312 3675 345 3734 in
356 3675 507 3750 Vaticano,
521 3677 572 3754 qui
585 3675 637 3734 ubi
649 3677 685 3736 de
698 3677 818 3738 loannis
829 3679 970 3760 despotae
982 3679 1157 3739 castimonie
1171 3677 1296 3737 dixisset
1308 3667 1403 3755 ἐπήν-

314 3765 367 3820 θει
390 3757 423 3822 dl
443 3757 495 3822 nol
515 3755 550 3824 so*
572 3764 694 3840 σῶφρον
716 3762 838 3848 ἐκείνῳ,
871 3761 914 3838 ὥς
936 3757 1079 3828 addixere
1095 3758 1292 3841 ἀκουσθῆναι
1309 3754 1403 3822 osiris·

316 3841 533 3952 drippyvvesnl
544 3838 717 3924 χρήσασθαι
727 3842 749 3925 ἢ
759 3851 799 3935 τῇ
810 3848 874 3934 ldlp
885 3848 938 3910 nel
949 3843 1039 3934 μόνῃ,
1060 3840 1290 3928 subiungitoill’
1303 3844 1403 3925 tantm

314 3921 432 4066 paciebtlv
458 3927 757 4077 dculnsivolcllgffdos
776 3933 861 4096 ἄρα
882 3935 973 4080 filippu
993 3935 1056 4082 epit
1078 3935 1131 4038 illa
1149 3930 1402 4089 inwimaem

351 4029 775 4087 rememorarem
870 4045 891 4080 α
967 4041 1008 4081 κα
1158 4041 1206 4080 m
1367 4033 1401 4076 aa

209 4099 232 4152 Ρ
248 4099 301 4156 45³
316 4086 413 4156 νόθον
428 4095 545 4162 iaelvov
560 4101 722 4182 aspersione
735 4101 941 4182 προσέχοντος.
963 4108 998 4162 ot
1015 4026 1157 4163 affudi
1166 4039 1327 4163 ενασαῗὶεογασ
1339 4100 1399 4174 ille,

316 4173 371 4234 sed
381 4188 411 4234 et
416 4179 555 4254 filiolam
563 4188 672 4264 gennit
684 4185 810 4245 notham
821 4189 979 4248 illo'bella's
987 4191 1128 4269 gerendis
1137 4183 1315 4248 oatmdmta
1336 4203 1399 4243 cse-

314 4265 413 4322 ternm
436 4266 518 4342 quod
538 4268 646 4330 attinet
663 4270 701 4330 od
722 4269 813 4332 haias
831 4293 871 4334 ex
889 4273 1038 4336 adulterio
1054 4283 1142 4335 natae
1154 4272 1274 4356 puellae
1283 4269 1398 4350 nuptias
