3125 4900
350 303 427 378 111
645 295 880 368 11111111.
904 293 1140 365 rasurum
1242 387 1244 392 Ι

348 467 489 532 tra'iicara
506 465 732 548 Hellespontum
758 461 884 546 parabat
908 461 948 524 a'd
972 459 1139 526 visendam
1152 462 1319 543 Selybriam
1341 484 1362 524 a
1385 462 1447 523 saia

352 565 469 636 captam
486 551 574 634 paulo
587 561 665 612 ante.
695 551 739 609 ita
752 547 947 628 Pachymsres
960 549 982 613 1.
994 553 1052 613 21.
1068 553 1118 615 15.
1146 559 1229 610 meta
1241 547 1300 609 hoc
1317 549 1448 628 quadrat

351 641 386 702 iu
404 637 585 720 principium
606 635 736 718 Aprilis,
754 653 878 694 vernam
895 634 1035 694 nimirum
1050 643 1268 712 tempestatem,
1288 655 1355 715 qua
1369 655 1448 712 reges

351 726 449 786 solent
460 723 499 782 ad
521 721 599 782 bella
618 719 797 802 procedere,
821 729 855 779 ut
868 719 1178 799 Scripturaloqaitar.
1223 739 1297 778 nam
1313 731 1351 778 ut
1362 721 1447 778 docet

289 849 294 858 .
351 810 431 870 idem
442 807 622 883 historicus,
644 805 943 884 constantinopoleos
958 805 1208 885 oppugnationem
1233 803 1448 865 1111111111-

351 915 400 955 mo
413 892 568 968 versabat,
589 911 679 972 quam
697 889 808 970 reipsa
823 900 868 949 est
882 909 1031 968 aggressus
1042 889 1209 968 insequenti
1222 899 1353 948 1111111.
1380 898 1448 948 aare

351 990 449 1039 autem
465 979 491 1037 is
503 977 611 1036 itinere
624 975 754 1054 cogitato
770 977 982 1056 separemeni,
1005 975 1089 1034 dedit
1104 993 1225 1054 operam
1240 974 1338 1033 rebus
1358 977 1449 1033 11111-

352 1065 428 1139 siaa,
456 1062 566 1122 ibidem
590 1061 642 1120 abi
661 1071 736 1120 tuac
752 1069 816 1120 arat
844 1059 1009 1141 Nymphaei
1031 1061 1208 1140 persistens,
1242 1059 1450 1138 congreganda

353 1147 470 1229 synodo
496 1165 571 1228 qaae
597 1146 634 1207 de
658 1145 774 1206 draeuii
801 1163 919 1206 amessa
946 1154 1098 1208 statueret.
1146 1143 1284 1223 synodus
1318 1145 1449 1206 Niceten

246 1233 502 1316 assequendam
532 1232 571 1292 ad
595 1230 755 1292 Arsaniam
787 1230 890 1291 mittit.
936 1229 961 1289 is
996 1231 1034 1289 ab
1058 1230 1184 1291 Arseuio
1210 1230 1375 1290 renuntiat
1402 1249 1451 1288 aa·

354 1320 424 1380 ders
450 1318 535 1378 illam
563 1313 778 1396 patriarchatu.
828 1313 880 1376 hic
901 1313 971 1376 finis
997 1315 1057 1376 fuit
1081 1315 1190 1397 prioris
1216 1313 1343 1373 Arrenii
1369 1315 1448 1374 sedis

354 1424 431 1484 quaa
450 1423 521 1463 cum
541 1400 662 1461 desierit
685 1400 780 1481 Aprili
803 1402 875 1460 anni
899 1405 1031 1468 116111
1050 1399 1184 1481 coeperit
1201 1396 1365 1459 Decembri
1384 1399 1448 1458 anui

354 1489 447 1564 1255,
463 1496 593 1568 quatuor
605 1505 753 1547 annorum
768 1495 800 1546 at
814 1494 968 1567 praeterea
980 1485 1106 1546 totidem
1116 1485 1178 1546 fere
1194 1487 1353 1545 meusium
1365 1485 1449 1544 inerit

354 1593 374 1633 o
397 1582 485 1634 artat.

373 1593 395 1656 P
439 1657 492 1717 111.
535 1655 570 1716 ln
584 1659 647 1716 eius
665 1656 768 1717 locam
787 1655 966 1717 substitutas
987 1655 1087 1717 statim
1112 1665 1157 1716 eat
1173 1652 1449 1736 Nicephoruatanc

354 1741 465 1824 Ephesi
480 1741 679 1822 metropolita.
714 1762 770 1802 cur
784 1742 885 1802 statim
897 1742 929 1800 id
944 1742 1055 1801 laetum
1067 1741 1185 1800 credam
1199 1759 1290 1799 causa
1307 1749 1366 1815 eat,
1386 1741 1449 1817 qais

356 1827 517 1890 festinabat
531 1827 564 1886 iu
583 1827 742 1907 procincta
756 1827 794 1885 ad
811 1826 1032 1907 expeditionem
1047 1835 1202 1906 urgentem
1215 1824 1403 1906 imperatam
1424 1833 1449 1880 et

355 1915 421 1994 ipse
433 1911 618 1990 Nicephorus
631 1911 820 1990 cupidissima
833 1911 995 1972 assentiens
1013 1911 1126 1972 nullam
1136 1926 1253 1971 moram
1271 1908 1451 1988 interposuit

355 1997 494 2058 electioni
515 2016 597 2060 suae.
639 2007 799 2058 narrantur
814 1994 889 2056 haec
911 2017 940 2062 c.
959 1995 998 2061 15
1014 2007 1044 2058 et
1059 2002 1097 2061 16
1119 1998 1140 2058 1.
1154 2002 1191 2070 2,
1213 1994 1324 2054 abiet
1347 1995 1451 2055 dicitnr

356 2083 460 2144 eodem
471 2093 605 2162 tempora
620 2082 778 2143 decessisse
797 2080 970 2162 Nymphaeo
984 2082 1195 2162 imperatorem
1217 2078 1347 2159 qtridem
1362 2079 1452 2138 Calli·

355 2168 453 2250 polim
470 2187 575 2227 versas
594 2186 661 2226 oum
684 2167 819 2228 exercitu
838 2167 877 2225 sd
899 2165 1192 2246 Constantinopolim
1211 2165 1450 2244 oppuguandam,

356 2269 470 2312 novum
487 2271 559 2312 vcro
579 2251 780 2332 patriarcham
802 2249 1174 2332 Nicephorum⁰Nicaeam,
1201 2269 1372 2329 quaecum
1384 2259 1451 2308 assat

357 2345 434 2396 tune
450 2337 521 2395 urbs
535 2338 631 2414 regia,
653 2337 765 2397 Latinis
781 2337 1073 2416 Constantinopolim
1088 2336 1276 2411 tenentibus,
1303 2335 1343 2394 in
1356 2354 1389 2394 ea
1408 2355 1451 2393 so·

357 2422 431 2481 litus
444 2429 508 2481 arat
525 2420 658 2481 Graecus
672 2423 1019 2504 constantinopolitanus
1035 2421 1203 2501 patriarcha
1218 2419 1381 2483 diversari.
1400 2419 1450 2479 ini·

359 2506 436 2566 tium
458 2504 677 2585 patriarchatus
706 2506 870 2585 Nicephori
897 2508 1098 2569 verisimiliter
1124 2506 1347 2567 consertur'iaa
1372 2505 1451 2564 linem

358 2590 472 2671 Aprilis
485 2597 538 2649 aat
552 2588 673 2649 initium
691 2592 761 2651 Maii
776 2597 848 2650 anat
861 2590 954 2673 supra
967 2592 1119 2653 memorati
1135 2596 1226 2658 1260.
1272 2602 1382 2651 namt
1390 2590 1452 2649 inde

359 2674 555 2754 Pachymeras
582 2675 603 2738 1.
625 2682 647 2742 2
675 2696 704 2737 1.
726 2680 768 2741 20
811 2678 986 2739 diuturnam
1017 2687 1048 2737 et
1065 2678 1178 2739 irritam
1200 2677 1453 2757 oppugnationem

363 2760 501 2835 Galatae,
523 2759 555 2817 in
575 2779 634 2839 qus
652 2760 817 2842 imperator
833 2763 1017 2843 consumpsit
1033 2774 1192 2823 aestatem:
1225 2782 1327 2841 eoque
1344 2762 1383 2820 ad
1394 2780 1455 2819 eum

362 2843 550 2925 Nicephorus
564 2844 750 2925 patriarcha,
769 2856 922 2925 pertaesus
940 2848 1159 2923 Nicaeensium,
1186 2864 1320 2925 quorum
1339 2848 1456 2905 draeaio

364 2930 553 2989 addictorum
571 2930 641 2989 odia
659 2930 693 2988 ia
715 2951 746 2991 ss
766 2932 888 3011 irasque
911 2934 993 2993 nulla
1017 2932 1143 2992 delinire
1163 2942 1228 2990 arte
1246 2940 1408 3013 potuerat,
1429 2948 1455 2988 sa

365 3014 511 3087 contulit,
532 3034 585 3094 spe
596 3014 782 3092 ingrediendi
797 3036 864 3076 cunr
879 3018 944 3097 ipso
962 3020 1094 3095 Augusto
1112 3015 1214 3077 urbem
1229 3036 1322 3092 mox,
1346 3024 1384 3075 ut
1396 3036 1457 3073 cre-

365 3098 508 3175 debatur,
530 3099 714 3178 capiendam.
756 3102 808 3159 sed
831 3121 899 3161 cum
918 3102 1104 3162 obsidionem
1127 3102 1243 3161 solvere
1264 3108 1392 3160 coactus
1406 3102 1457 3158 im·

364 3192 489 3265 perator
500 3182 705 3264 Nymphaeum
717 3204 749 3245 ss
760 3187 940 3268 recepisset,
962 3197 1081 3248 secatus
1098 3206 1166 3247 eum
1178 3186 1255 3245 illuc
1269 3186 1457 3266 Nicephoras

365 3266 408 3327 ibi
424 3277 469 3327 est
485 3277 621 3328 mortuas
643 3269 697 3329 aab
712 3278 906 3349 autumnum,
927 3282 963 3332 ut
977 3283 1115 3352 apparat,
1139 3281 1190 3331 aut
1212 3270 1322 3330 hiemis
1345 3270 1459 3329 initium

367 3352 501 3413 eiusdem
514 3350 585 3410 anui
601 3358 692 3420 1260.
736 3374 828 3433 quare
839 3356 922 3417 illius
935 3356 1151 3437 patriarchatus
1163 3355 1246 3415 haud
1264 3356 1328 3415 sere
1345 3356 1459 3435 longior

367 3436 548 3517 septimestri
562 3448 615 3497 aat
629 3441 794 3500 octimestri
807 3442 875 3502 suit.
917 3440 989 3502 hine
1004 3442 1122 3502 vacavit
1143 3440 1226 3501 sedes
1243 3460 1362 3501 annam
1376 3440 1461 3500 cirsi-

367 3529 434 3597 tar,
454 3520 543 3581 anxis
553 3521 733 3584 deliberante
744 3526 923 3605 imperatore
938 3548 1026 3607 quem
1040 3528 1077 3587 ad
1087 3526 1216 3587 rationes
1232 3525 1397 3586 meditatae
1410 3544 1462 3583 ex·

369 3606 544 3689 punctionis
567 3610 677 3688 pupilli
693 3612 950 3671 accommodatum
973 3612 1000 3673 ai
1015 3612 1203 3692 praeficeret,
1224 3610 1325 3689 quoad
1344 3610 1462 3671 tandem

369 3690 404 3750 ia
413 3690 531 3751 Amenii
543 3694 762 3754 revocationem
778 3698 944 3772 consensit,
965 3698 1051 3757 cuius
1064 3698 1096 3756 in
1107 3694 1322 3779 praetentione
1335 3716 1462 3755 corona-

372 3776 466 3837 tionis
487 3776 607 3837 losunis
623 3780 711 3859 pueri
727 3780 900 3860 patientiam
920 3791 1062 3862 expertus
1077 3780 1209 3862 speravit
1226 3780 1317 3840 etiarn
1332 3802 1372 3841 1ο
1389 3777 1462 3841 sacili

373 3879 499 3922 asarum
515 3861 549 3923 in
571 3867 813 3927 sxauatorstiona
835 3886 924 3948 quam
947 3866 1071 3948 parabat
1090 3866 1230 3931 11111111.
1274 3866 1407 3946 contigit
1419 3866 1462 3923 ia-

373 3948 464 4006 terim
476 3950 543 4026 capi
558 3950 677 4025 urbem,
699 3961 729 4010 et
742 3954 951 4031 imperatorem
963 3955 995 4011 in
1012 3972 1074 4013 eam
1088 3950 1192 4011 invehi
1203 3950 1334 4011 solemni
1347 3970 1460 4033 pompa,

374 4027 478 4109 ibique
494 4032 558 4092 fixo
579 4032 639 4093 iam
660 4034 830 4114 domicilio,
859 4037 1017 4099 Arseniurn
1039 4036 1138 4098 denuo
1161 4037 1287 4096 electum
1309 4057 1326 4094 a
1351 4036 1461 4117 synoda

375 4116 472 4173 missia
488 4118 592 4191 legatis
604 4120 748 4180 invitasse
759 4122 798 4181 sd
817 4122 1022 4183 resumendam
1042 4118 1212 4181 melioribus
1224 4122 1374 4201 auspiciis
1392 4118 1462 4179 abdi-

377 4205 474 4295 catam
487 4202 560 4301 olias
574 4212 759 4303 potestatem.
803 4207 911 4305 quibus
925 4208 978 4268 ille
993 4207 1153 4304 assentiens
1169 4206 1202 4266 in
1219 4203 1328 4265 urbem
1339 4207 1462 4271 111111

376 4282 455 4345 sedas
466 4286 674 4367 patriarchalia
685 4310 903 4373 possessionem
917 4312 1022 4355 rursus
1039 4292 1133 4372 adsit,
1154 4291 1175 4351 l.
1184 4294 1210 4357 ·8
1231 4310 1258 4352 1.
1273 4294 1311 4359 2.
