3125 4900
511 327 643 401 unte
682 333 836 403 NOTAE.
927 351 930 364 ’
1147 333 1219 407 bii

30 542 33 576 :
128 497 234 562 τοίνυν
254 491 294 562 ori
315 493 443 562 d’iioie
459 495 905 580 τίοίστιαίνοφθαλμίσμαίτσν
918 496 1097 582 ίστερημίνη
1121 494 1221 580 (dst-

126 603 200 664 σχοιι
216 577 273 664 yoip
289 605 348 662 μου
360 582 412 644 καί
428 578 533 664 μικρὸν
545 586 584 667 τῇ
596 587 688 666 κοινῇ
702 579 815 669 γλοίττῃ
828 583 1050 670 χαρισαμένου)
1072 581 1126 662 ἐφ’
1142 578 1220 672 ᾗπερ

30 740 31 747 ¹
126 665 166 732 siv
179 667 198 731 o‘
208 665 286 748 sidric
299 669 387 744 φίλος
398 667 628 752 ίγκιιπριαθιίῃ.
663 664 856 753 πεπλήρωται
869 666 926 750 peip
940 665 1058 748 ἑκάστη,
1080 670 1130 732 καὶ
1143 695 1218 752 παρ·
1235 682 1256 736 Ρ
1273 681 1323 738 ets

29 801 32 835 ,
123 756 264 816 nodoeeiv
285 751 328 826 oie
348 746 416 816 οίόν
437 775 469 814 τε
486 749 547 832 ἤδη
574 746 746 830 incineret.
789 751 840 814 eoi
865 759 958 814 ταῦτα
983 752 1037 834 μὲν
1058 751 1096 834 δὴ
1117 761 1219 817 ταῦτα.

121 830 214 901 τᾶλλα
235 837 268 900 tl
289 836 340 899 ταί
360 835 377 901 ὅ
396 833 503 918 παροίν
518 839 595 916 δῆλα
610 833 711 918 θήσει.
754 837 807 899 καί
827 832 909 912 ὅπως
928 833 1004 920 ὅπερ
1025 836 1138 925 ᾔτησας
1162 835 1219 903 orie

29 976 32 1009 ,
124 925 189 1003 ἔσχε
208 917 328 1004 καιρόν,
354 914 423 1001 τίχ’
448 919 488 984 tv
514 942 563 985 σοι
582 918 823 1005 διατρανῶσαιτο.
868 921 981 1005 ἔρρωσο
1008 923 1060 986 καί
1090 921 1218 1007 sidium

123 1010 306 1087 φιλοσοφίας
320 1004 439 1086 ιίπαὶσης
453 1001 712 1088 ἀντιποιούμενος.

30 1151 33 1184 ἰ
121 1156 201 1210 super
221 1139 274 1192 ulls
298 1143 352 1202 est,
379 1156 458 1209 sopra
474 1157 550 1209 quem
565 1137 726 1192 tnoeutsuont
742 1125 909 1191 locus'vecel
933 1135 1007 1204 (sine
1023 1137 1088 1192 enisu
1105 1155 1147 1192 me
1163 1141 1220 1194 exi·

122 1225 199 1278 guum
216 1207 276 1278 quid
293 1208 395 1277 linguae
413 1207 535 1260 commersi
551 1209 701 1277 indulgere)
715 1207 757 1260 eui
774 1205 856 1259 dulcis
873 1205 968 1259 amicus
984 1207 1120 1262 inseratur.
1144 1207 1220 1278 plens

121 1279 190 1331 eninr
213 1294 379 1346 unuquaeque
402 1284 461 1341 est,
485 1277 587 1346 iamque
609 1280 721 1330 tremum
746 1276 824 1328 edere
840 1291 887 1346 pro
904 1291 933 1328 ee
949 1275 1064 1344 singulus
1079 1277 1219 1347 inceptant.

122 1348 189 1401 boec
218 1347 319 1417 quidem
347 1347 478 1398 hactenus.
521 1353 624 1399 caetere
646 1345 796 1398 nnettsrtos
820 1361 942 1414 praeseus
965 1353 1077 1414 exponet
1102 1353 1129 1397 et
1154 1361 1221 1415 quo·

30 1414 31 1425 ¹
121 1417 196 1470 modo
220 1433 287 1485 ques
309 1415 443 1484 postulasti
461 1415 675 1483 opportunitatem
691 1431 744 1468 uon
759 1414 915 1480 invenerint,
942 1413 1030 1483 ntique
1047 1413 1080 1468 sd
1097 1413 1221 1484 liquidum

121 1486 256 1538 edisseret.
290 1484 348 1536 vals
381 1492 408 1535 et
438 1484 505 1538 bono
527 1485 611 1539 aulum
632 1483 749 1539 insumus
771 1481 799 1536 io
822 1481 916 1537 dudum
940 1488 1043 1554 captum
1065 1483 1099 1538 ad
1123 1499 1220 1538 omnem

29 1588 32 1617 ,
121 1553 305 1627 philosophiam
319 1553 448 1624 impetum.

205 1731 231 1770 c.
247 1711 296 1776 19.
339 1706 434 1766 Valde
452 1707 573 1767 videtur
592 1707 759 1767 notandum
779 1705 927 1766 somnium
940 1703 997 1764 hoc
1011 1705 1218 1786 propheticum

120 1793 256 1854 oblatum
273 1794 375 1853 loanni
389 1793 500 1868 Vecco,
523 1803 554 1852 et
571 1793 773 1852 testimonium
787 1789 869 1871 quod
881 1791 960 1850 illius
973 1789 1041 1850 fidei
1056 1813 1090 1850 ac
1103 1794 1218 1852 veraci-

120 1882 174 1939 tati
190 1878 398 1957 Pnchymeres,
419 1877 461 1936 illi
475 1878 561 1955 alies,
583 1879 635 1938 ubi
648 1879 685 1937 de
697 1877 910 1938 conciliationis
923 1875 1111 1936 ecclesinrum
1125 1897 1218 1955 nego·-

119 1966 163 2023 tio
178 1966 293 2041 agitur,
314 1982 420 2042 porum
434 1981 560 2039 eequus,
581 1961 697 2038 reddit,
722 1961 874 2022 demeum
892 1965 1047 2042 pricipis}
1065 1961 1219 2036 είςπίστιν

119 2053 181 2110 τῶν
196 2047 362 2129 λεγομένων
376 2047 463 2106 inisse
478 2047 567 2122 dicit,
587 2047 647 2107 hoc
659 2057 705 2106 est
716 2045 851 2106 veritatis
866 2049 1022 2123 amentem,
1044 2055 1075 2104 et
1087 2046 1135 2106 cui
1149 2057 1218 2105 tuto

121 2133 202 2212 quod
225 2131 391 2191 affirmabat
411 2131 590 2193 crederetur.
633 2133 715 2192 unde
734 2130 926 2210 intelligimus
943 2151 1017 2208 quae
1037 2129 1087 2189 ille
1111 2131 1219 2190 deindo

119 2219 216 2278 multe
229 2237 391 2296 magnaque
401 2237 458 2296 pro
470 2217 582 2276 Latinis
595 2227 701 2277 contre
713 2218 842 2276 Graecos
854 2216 970 2295 scripsit
984 2223 1014 2274 et
1026 2215 1113 2292 dixit,
1128 2235 1217 2294 quum

120 2303 158 2362 ab
174 2303 255 2363 omni
269 2303 443 2382 exceptione
455 2301 570 2362 fraudis
581 2312 612 2362 et
623 2303 684 2362 suci
698 2303 792 2365 aliene
808 2301 933 2360 debeant
947 2299 1057 2360 heberi.

204 2401 417 2486 p.124v.22.
459 2406 493 2463 in
507 2403 661 2464 suburbio.
703 2405 781 2465 sorte
795 2403 892 2485 aptius
904 2402 1128 2483 scripsissemin
1140 2403 1218 2462 resb-

119 2490 248 2551 urbc'enc.
290 2510 361 2551 nam
380 2488 556 2549 suburbium
577 2491 698 2549 videtur
717 2491 800 2549 locus
815 2488 884 2551 urbi
898 2488 1048 2549 admotior
1064 2507 1152 2567 quem
1167 2486 1217 2548 hic

117 2576 282 2648 indicatus,
303 2575 411 2655 quippe
425 2575 464 2634 ad
476 2576 633 2654 septimum
646 2575 720 2634 situs
730 2575 867 2655 lapidem.
909 2575 1044 2633 nondum
1057 2584 1157 2633 tumen
1170 2592 1217 2632 me

117 2662 180 2741 ipse
201 2659 383 2733 condemno,
404 2661 456 2737 qui
474 2661 564 2719 scium
580 2661 612 2719 in
630 2660 768 2718 maximis
790 2668 820 2719 et
839 2658 924 2737 regiis
938 2658 1062 2718 urbibus
1074 2658 1218 2717 suburbia

118 2746 272 2806 interdurn
295 2744 334 2801 ud
357 2743 459 2803 decern
481 2754 512 2803 et
532 2746 610 2804 idua
632 2743 766 2803 milliaria
780 2743 902 2801 extendi
916 2743 1056 2802 continue
1069 2742 1130 2800 scre
1143 2743 1216 2801 serie

30 2893 31 2908 ,
116 2832 267 2893 villarum.
308 2830 420 2887 Romae
443 2848 513 2887 sans
532 2828 713 2905 longiuscule
732 2827 916 2905 procurrisse
932 2825 969 2884 ab
982 2826 1057 2885 urbe
1073 2826 1217 2885 suburbia

30 2913 32 2990 ᾗ
117 2919 176 2976 iam
198 2927 273 2976 tunc
297 2933 370 2972 aevo
390 2912 554 2987 Ciceronis,
574 2912 684 2971 indicio
706 2921 751 2970 est
773 2910 857 2989 quod
876 2909 997 2987 legimus
1018 2906 1142 2989 Philipp.
1161 2914 1215 2975 12:

30 3053 31 3062 .
117 3002 201 3062 ίιίοοε
213 3023 266 3081 ego
280 3000 403 3057 meotis
416 2998 611 3074 committam,
632 3000 690 3078 qui
706 2994 925 3057 Terminalibus
938 3016 1034 3074 nuper
1049 2996 1083 3051 in
1100 2994 1216 3052 subur·
1330 3042 1332 3049 .

30 3101 31 3104 ’
118 3088 220 3160 bium,
241 3096 276 3144 ut
289 3080 390 3143 eodem
402 3082 453 3140 die
465 3094 638 3155 reverterer,
659 3085 703 3141 ire
715 3104 776 3141 non
788 3101 883 3141 ausus
896 3078 978 3137 sim?
1019 3086 1091 3142 utut
1105 3078 1142 3137 dc
1157 3078 1216 3137 hoc

117 3169 165 3249 sit,
186 3170 264 3231 illud
277 3168 396 3249 quidem
411 3177 524 3227 certum
538 3176 596 3243 est,
617 3166 811 3241 Hebdomon,
834 3166 871 3224 de
883 3184 942 3243 quo
955 3172 1056 3223 noster
1066 3162 1125 3223 hoc
1139 3164 1214 3243 loco,

117 3278 228 3319 nomen
243 3255 333 3315 luisse
357 3252 519 3313 suburbani
543 3251 798 3332 Constantinopoli
823 3250 962 3310 disiuncti
983 3249 1145 3309 miliaribus
1166 3270 1215 3308 se-

115 3351 213 3421 ptem,
242 3350 335 3421 prout
359 3339 475 3399 erudite
503 3337 688 3397 demonstrat
707 3337 845 3397 Nicolaus
864 3336 1044 3395 Alamannus
1064 3334 1148 3393 Notis
1175 3334 1215 3394 sd

117 3448 143 3488 c.
159 3429 198 3495 15
214 3424 364 3485 Historiae
374 3444 499 3484 arcanae
511 3424 662 3503 Procopii,
684 3442 723 3483 ex
736 3425 855 3483 Socrate
870 3423 1032 3481 Sozomeno
1045 3428 1076 3479 et
1086 3418 1193 3479 idatio.

204 3548 229 3587 e.
242 3528 293 3593 24.
334 3528 494 3604 Postquam
509 3546 557 3586 res
569 3525 701 3599 Persice,
723 3522 805 3601 quod
817 3521 868 3581 hic
879 3532 1034 3598 narretur,
1056 3519 1214 3581 succubuit

117 3612 279 3688 Tocharis,
300 3611 422 3671 videtur
441 3613 594 3690 contigisse
610 3610 692 3690 qnod
713 3618 816 3669 noster
829 3628 858 3687 p.
878 3612 917 3674 18
932 3628 962 3667 v.
976 3612 1018 3673 20
1031 3608 1153 3683 retulit,
1176 3614 1213 3665 ut

116 3717 264 3777 pugnaees
276 3697 398 3773 quidam
412 3697 515 3756 Perses
528 3716 633 3775 parere
644 3694 786 3754 Tocharis
801 3693 967 3770 dedignati,
989 3711 1070 3751 eroes
1086 3690 1212 3751 Romani

116 3782 217 3841 limitis
228 3801 339 3842 vexare
352 3783 497 3861 ceperint,
520 3801 592 3860 ques
604 3790 633 3840 et
645 3780 767 3841 tandem
780 3786 999 3858 expugnarunt.

201 3902 232 3961 P·
246 3882 307 3949 184
321 3902 351 3946 r.
368 3886 395 3945 8.
438 3904 500 3940 non
515 3880 586 3940 inde
597 3880 809 3960 adproprinm
823 3882 938 3939 vietum
952 3898 1075 3936 sumere.
1117 3876 1212 3934 Grae-

118 3967 160 4027 cis
174 3968 238 4041 ‚inis
258 3966 484 4047 respondentia:
507 3966 655 4048 epipetron
671 3961 701 4027 d’
718 3966 832 4041 ἔξωθεν
853 3956 1016 4026 ἐπιτάττων
1039 3962 1211 4033 σιτίζεσθαι

115 4050 192 4112 haee
204 4053 347 4113 videntur
360 4072 378 4109 e
391 4050 584 4131 paraphraste
599 4051 742 4109 Vaticeno
760 4070 822 4109 non
833 4048 999 4117 intellecta,
1020 4055 1129 4105 utnon
1141 4065 1212 4111 rure

117 4140 188 4197 elias
202 4138 330 4198 aberrat
369 4157 426 4216 pro
440 4136 488 4195 hie
502 4137 579 4196 enim
594 4138 637 4194 sic
653 4136 753 4214 ponit:
774 4134 921 4213 φέροντας
934 4126 967 4193 d’
983 4130 1095 4203 ἔξωθεν
1110 4127 1212 4209 τὸμὲν

117 4217 231 4303 αἶριιοῦν
246 4228 301 4286 τοῦ
316 4223 399 4284 σίτου
416 4226 567 4302 χρῆσθαι,
589 4219 622 4285 ro*
637 4218 670 4282 di
685 4220 776 4282 πλέον
794 4215 886 4281 παίίιν
905 4211 1118 4278 ἐπιτίθεσθαι.
1161 4225 1211 4274 st-

117 4310 168 4384 qui
181 4306 215 4372 sd
229 4309 342 4384 ίξωθια
354 4326 393 4365 ex
407 4316 507 4365 mente
518 4308 649 4368 auctoris
661 4305 702 4365 erl
715 4306 880 4381 σιτίζεσθαι
891 4300 1037 4375 refertius
1057 4308 1094 4361 ut
1106 4300 1213 4361 volue-

158 4400 291 4471 Georgius
312 4399 480 4467 Puebymeres
501 4400 525 4451 1.
963 4384 1002 4449 41
