3125 4900
469 354 472 361 ·
509 314 672 388 meu.-
689 310 843 388 ΝΟΜ,
927 355 932 363 ·
1152 312 1227 387 671

132 503 223 561 meno,
241 494 280 547 ut
290 482 333 545 ibi
345 482 376 544 in
392 484 490 544 nonos
501 480 654 555 sanburn,
674 479 845 542 dominicae
855 468 1081 543 inmatidme
1091 502 1232 563 rongar-

36 610 41 618 ·
133 574 238 629 tesimo
253 592 349 647 nona,
371 568 536 629 indictione
547 568 744 643 duodecima,
761 578 843 627 seno
854 566 1003 628 kalendas
1016 572 1131 627 menate
1143 570 1232 635 latit:
1246 574 1270 631 P
1285 574 1338 631 470

132 656 166 715 in
184 676 242 733 qun
265 656 435 730 praesidens
451 654 566 733 synodo
590 652 833 734 archiepiscopus
851 663 922 733 post
944 654 1037 713 malta
1059 673 1136 734 quas
1152 674 1232 735 pro-

132 742 220 823 ponit
241 740 298 799 alia
318 740 361 799 ibi
382 740 554 816 nectenda,
575 738 635 803 troc
648 756 770 819 quoqne
784 737 822 797 ds
838 740 1043 798 conuorersia
1060 742 1230 818 processio·

132 828 181 885 nis
199 826 329 907 Spiritus
343 826 444 884 Sancti
457 833 616 903 memorat,
638 824 686 885 his
708 824 824 887 verbis:
844 844 921 882 eane
933 827 1010 903 quia
1024 828 1160 884 innotuit
1171 848 1231 884 no·

133 910 181 969 hic
198 922 309 969 cancta
321 908 404 969 sedeo
419 911 589 989 apostolica
608 908 713 969 adhuc
732 928 846 967 erraret
862 918 891 967 et
903 908 1110 987 blasphemiae
1125 913 1232 970 eutas-

36 1031 39 1057 ,·
132 995 208 1054 darn
221 999 321 1075 vigere
341 996 448 1054 Pltott't'
466 999 500 1054 in
516 995 664 1075 patribue
681 995 836 1073 Orientis,
857 996 893 1055 in
908 996 1060 1073 spiritum
1071 997 1229 1073 Scaeam,

35 1073 39 1085 ’
133 1079 220 1161 quod
228 1102 290 1139 nors
305 1102 326 1139 u
332 1080 422 1160 fllia,
441 1084 504 1139 nisi
520 1092 641 1140 tanturn
653 1100 686 1139 en
695 1092 788 1159 patre
795 1077 961 1160 procedat,
982 1079 1230 1158 blasphemantia,

36 1199 42 1235 ;
131 1167 298 1225 hortamur·
310 1177 440 1225 vestram
452 1166 684 1247 fraternitatem
698 1176 734 1225 ut
751 1186 814 1225 arta
828 1184 962 1240 meeum,
982 1164 1149 1223 secundam
1168 1164 1232 1224 ad*

36 1240 38 1323 ᾗ
132 1253 321 1311 monitionem
330 1249 871 1331 duminiilomanaeaediapraeeidir,
884 1250 1006 1329 singuli
1013 1262 1152 1309 nostrum
1156 1271 1231 1330 per-

131 1339 243 1417 epactis
259 1348 387 1417 patrum
416 1337 644 1397 Catholicorum
667 1340 839 1413 eententiie,
861 1333 900 1394 de
916 1334 1040 1393 diuinae
1051 1337 1231 1415 Scripturas

36 1484 40 1497 ‚
127 1422 284 1503 pharetris
298 1433 410 1481 acutae
418 1424 617 1503 prostremus
637 1424 789 1503 sagittas,
806 1432 943 1501 potentes
955 1419 1003 1479 ad
1011 1419 1230 1500 conficiendam

36 1504 41 1601 ἐ
131 1506 264 1565 bellnam
279 1510 407 1566 monstri
420 1511 604 1567 renascentis
617 1518 645 1565 et
661 1506 707 1567 ad
717 1506 928 1567 terebrandum
940 1516 1035 1585 caput
1046 1508 1230 1587 acquirerent

36 1656 39 1727 ὲ
131 1602 305 1755 tutin,
323 1591 1090 1757 istslttltltllt?triniati?
1103 1598 1231 1736 tlt:

35 1739 41 1841 f
130 1762 202 1821 licet
216 1763 379 1843 suspicari,
402 1763 687 1824 increbrescentibus
704 1782 758 1845 per
770 1761 930 1843 Hispanias
949 1770 981 1822 et
994 1762 1107 1821 Gallias
1120 1762 1229 1842 dispu-

36 1848 39 1925 J
130 1848 294 1908 talionibus
311 1848 348 1907 de
362 1848 499 1927 dogmate
514 1848 713 1930 processionis
725 1849 855 1929 Spiritus
872 1848 973 1907 Sancti
987 1866 1025 1906 ex
1035 1856 1121 1928 patre
1135 1844 1228 1907 simul

35 1933 40 1947 '
132 1942 162 1991 et
178 1932 262 2009 filio,
284 1934 451 1993 consultam
473 1934 511 1993 de
531 1954 612 1993 more
632 1934 730 1993 sedern
746 1934 943 2011 apostolicam
959 1936 1114 1991 mandasse
1130 1923 1229 2019 inqui·

36 2087 38 2103 μ
132 2016 269 2076 sirionem
280 2018 313 2075 in
327 2018 450 2098 synodis
462 2018 696 2099 provincialibus
709 2019 747 2079 de
759 2019 816 2078 ista
830 2018 1095 2098 quaestiouetieri3
1110 2037 1145 2076 sc
1159 2036 1228 2097 per.

35 2108 40 2121 '
131 2100 200 2161 latis
223 2111 343 2179 postea,
365 2112 402 2161 ut
420 2112 464 2163 est
481 2104 659 2181 verisimile,
680 2114 801 2185 patrum
819 2105 917 2179 votis,
939 2104 1107 2163 damnatam
1124 2102 1228 2161 haers-

35 2174 40 2209 ²
132 2186 188 2245 sim
217 2187 418 2264 Graecorum,
451 2196 481 2247 et
502 2188 539 2247 ad
562 2208 625 2249 eam
645 2190 875 2269 extirpandum,
907 2198 999 2269 prout
1017 2198 1118 2268 patres
1138 2188 1228 2247 stiam

49 2290 54 2299 ·
132 2270 384 2349 Aquisgranenses
405 2272 626 2349 iudicaverunt,
646 2274 720 2334 utile
737 2275 936 2335 iudicantium
955 2272 1025 2333 addi
1043 2272 1180 2352 symbolo
1194 2272 1230 2329 in

132 2357 265 2416 ecclesiis
291 2366 411 2417 cantato
438 2378 545 2418 vocem
566 2360 716 2439 filioque,
750 2360 891 2419 annuisse
911 2358 1042 2437 deniqne
1062 2360 1230 2417 itomanam

130 2440 318 2523 pontificem,
346 2465 418 2502 cum
437 2465 585 2524 magnum
601 2444 715 2506 videret
735 2443 905 2526 impendere
917 2443 1109 2524 pareutum,
1130 2453 1165 2502 nt
1182 2442 1231 2500 lo-

132 2527 235 2606 quitur
250 2529 398 2604 Andreae,
421 2531 552 2590 etmulti
566 2519 688 2608 magnae
702 2531 887 2591 auctoritatis
904 2530 1112 2590 Occidentales
1128 2537 1229 2607 patres
1275 2520 1278 2524 ⁸

130 2611 164 2670 id
180 2615 380 2673 necessarium
396 2614 572 2674 iudicarent.
614 2625 644 2674 et
658 2617 700 2675 ita
715 2616 857 2694 deinceps
872 2615 1023 2673 communi
1039 2617 1159 2673 decreto
1173 2631 1229 2691 per

130 2705 229 2756 toturn
252 2698 446 2757 Occidentem
476 2699 643 2778 symbolum
669 2719 739 2758 cum
763 2699 920 2759 additione
932 2700 1064 2777 filioque
1085 2697 1117 2755 in
1137 2697 1228 2755 missa

131 2791 301 2856 cantatum3
321 2791 373 2842 sut
385 2785 488 2862 potius
502 2803 571 2844 cnm
583 2783 614 2842 id
628 2793 713 2842 antea
723 2803 778 2863 per
794 2783 922 2842 Galliam
938 2793 969 2841 ot
985 2781 1158 2861 Hispaniam
1170 2801 1226 2839 uo·

130 2867 260 2927 luntaria
278 2867 470 2926 ecclesiarum
490 2877 518 2925 et
539 2868 747 2948 episcoporum
767 2867 930 2928 devotione
942 2875 1157 2946 usurparetur,
1177 2884 1226 2924 aa·

130 2971 220 3012 sensu
234 2950 362 3032 danique
375 2950 499 3011 Romani
513 2952 667 3031 pontilicis
680 2961 723 3012 est
734 2953 895 3014 firmatum

217 3036 357 3098 Dedimus
385 3037 529 3097 hactenus
557 3037 710 3100 historiam
742 3037 903 3097 additionis
930 3033 1014 3094 vocis
1027 3033 1162 3113 filioque
1183 3031 1224 3092 ad

130 3122 494 3202 constantinopolitanum
508 3123 691 3201 symbolum,
712 3124 847 3183 articulis
857 3133 1027 3200 temporum
1041 3128 1071 3178 et
1084 3137 1224 3200 progres-

128 3207 222 3266 sionis
233 3209 375 3284 gradibus
388 3209 575 3284 distinctam;
598 3227 636 3267 ea
647 3209 734 3268 cuius
746 3210 795 3268 rel
807 3207 936 3286 simplici
947 3205 1226 3286 expositioneoon-

127 3292 192 3353 iido
207 3312 350 3372 apparere
365 3293 563 3353 innocentiam
583 3304 611 3352 et
619 3295 797 3372 aequitatem
815 3293 877 3352 eius
891 3291 980 3364 iacti,
1003 3301 1040 3350 ut
1052 3309 1146 3371 paene
1160 3309 1222 3369 po·-

127 3378 238 3438 tuerim
262 3379 438 3438 lucrifacere
461 3399 583 3454 oporam
608 3381 731 3440 secundi
754 3397 793 3438 ax
816 3376 982 3458 propositis
1005 3376 1130 3457 capituli
1154 3386 1223 3434 tm-

129 3463 231 3522 utendi
237 3507 247 3539 ,
270 3483 330 3542 quo
348 3483 414 3523 suen
436 3465 590 3544 pollicitus
611 3465 884 3525 demonstraturum
898 3482 946 3524 ms
959 3463 1046 3521 iustis
1064 3471 1094 3520 et
1107 3460 1227 3519 idoneis

129 3547 280 3608 decausis
295 3550 382 3607 istam
400 3569 463 3609 esse
478 3571 493 3608 a
510 3550 621 3609 Latinis
641 3551 825 3610 additionem
842 3549 961 3612 iactam.
1003 3567 1072 3606 nam
1093 3545 1223 3625 primum

129 3634 250 3710 quidem
270 3633 432 3692 additionis
451 3635 576 3695 modum
595 3643 625 3694 et
645 3637 783 3714 gradum,
813 3655 873 3714 qno
891 3633 1023 3711 magistri
1041 3641 1071 3690 et
1091 3629 1224 3707 theologi

129 3717 278 3777 Catholici
293 3719 453 3794 allegatum
472 3721 505 3778 in
521 3721 704 3800 praesidium
721 3720 833 3780 erroris
853 3739 869 3778 a
885 3717 1062 3797 negantibus
1078 3718 1225 3775 Sanctum

129 3801 277 3880 Spiritum
293 3825 311 3861 a
326 3803 389 3862 tilio
403 3805 569 3885 procedere
581 3806 783 3869 testiinonium
801 3800 1122 3883 Constantinopolitani
1136 3820 1224 3880 sym·-

127 3885 205 3961 boli,
225 3889 322 3966 patris
335 3889 427 3948 solius
439 3889 471 3950 in
485 3891 726 3969 productiones.
743 3891 873 3971 Spiritus
884 3890 1025 3950 disertam
1041 3886 1223 3946 mentionem

129 3971 281 4048 senentis,
302 3974 346 4034 sie
367 3974 561 4054 explicabant
581 3987 617 4036 ut
637 3976 732 4036 filiurn
752 3997 820 4036 cum
842 3985 928 4058 patre
941 3972 1160 4051 conspirantem
1174 3970 1224 4028 in-

128 4056 222 4134 telligi
246 4067 385 4137 oportere
402 4061 632 4139 contenderent,
654 4077 690 4121 au
706 4063 750 4122 sio
768 4079 845 4123 voce
864 4051 951 4120 tenus
967 4077 1075 4118 vocem
1087 4057 1223 4135 filioque

129 4142 266 4222 symbolo
283 4143 446 4222 adderent,
466 4146 532 4225 quis
550 4148 616 4208 iure
637 4147 735 4228 possit
757 4146 992 4228 reprehendere,
1014 4161 1083 4201 cum
1102 4161 1135 4200 es
1156 4160 1221 4200 non

127 4237 189 4286 tarn
203 4227 317 4288 additio
335 4249 423 4308 quam
442 4233 589 4315 expositio
610 4233 716 4308 luerit,
738 4253 801 4292 rem
815 4233 970 4312 proterens
984 4227 1048 4287 illic
1063 4226 1222 4286 abscondi·
1286 4233 1293 4243 '

126 4309 198 4394 tam,
213 4335 275 4378 non
285 4309 444 4380 intrudens
454 4317 577 4382 aliunde
590 4319 784 4404 importatum
789 4319 811 4380 'l'
825 4316 962 4382 naun·
974 4314 1108 4398 epucopi
1119 4311 1224 4374 Μ’
