3125 4900
191 286 194 299 .
273 228 348 299 200
565 220 763 291 ·GEORGlI
789 214 1058 286 Pacuiiffims

276 391 428 469 δεσπότου
450 390 577 479 πάσχειν
598 392 719 479 ἐπέστη.
771 387 848 457 ἀλλ’
876 383 935 471 ίίτιΙ
948 386 989 453 τὰ
1010 382 1093 451 καθ’
1109 380 1191 469 ἡμᾶς
1205 382 1237 448 έν
1254 390 1379 476 ταραχῇ

276 501 478 585 ιιατέστησενγ
506 496 577 565 ἀλλ’
595 493 669 580 ἡμῖν
680 520 713 583 γε
726 478 998 589 προθιίμοομένοις
1010 494 1129 574 μᾶλλον
1143 485 1162 571 ἢ
1180 483 1282 577 τούτῳ
1295 490 1379 572 μέμ.

277 600 372 691 ψοιτί
392 628 450 681 τις.
500 598 646 667 ἀλλίὅτι
668 596 824 683 ὖπειιρίθη
841 596 896 662 τὸν
917 593 1049 677 βασιλέα
1072 593 1125 657 καί
1145 592 1377 678 προσικέτεοσες

236 697 240 705 ’
278 712 330 775 καί
353 712 477 792 πρῶτον
499 704 557 787 μέν
581 704 627 779 τίς
648 699 730 768 eides
753 700 792 767 ἂν
806 699 914 783 ἀληθῆ
928 703 1045 781 ταῦτα,-
1073 692 1379 785 ῥᾷοναῦτοῖςιίλλον

241 828 264 883 c
282 809 349 879 ἀντί
362 815 418 875 τοῦ
433 807 573 889 ἀληθοῦς
587 807 759 893 ἐμφανίζειν
775 805 827 869 καὶ
839 802 982 882 ἀπατᾶν,
1008 802 1036 865 εἰ
1048 799 1224 881 ίπισταῖμεν
1233 846 1243 878 ,
1269 796 1289 883 ἢ
1305 806 1404 869 τοῦ-5

278 940 334 981 τον
356 912 451 979 ἄλλον
476 909 551 977 ὄντα
577 912 688 975 ἐκεῖνον
714 905 958 993 ὑποκρινεῖσθαι.
1010 899 1076 969 εἶτα
1102 900 1182 968 ἴστω
1203 903 1255 967 καί
1276 908 1380 971 τοῦτο.

280 1015 362 1101 πλὴν
384 1021 460 1084 πᾶσι
482 1014 539 1097 μὲν
559 1009 579 1097 ἡ
599 1018 656 1079 τοῦ
678 1013 817 1087 πλείονος
832 1009 950 1097 ἔφεσις,
976 1008 1028 1073 καὶ
1042 1002 1202 1092 ἀγαπητὸν
1215 1006 1273 1087 μέν
1287 1004 1383 1073 αὐτὸν

281 1120 411 1187 ἕκαστον
440 1116 517 1183 ίίντιε
547 1115 602 1183 τὸν
633 1111 881 1197 σπουδαζόμενον
911 1118 975 1179 τῶν
1005 1114 1108 1184 καλῶν
1140 1103 1321 1193 τυγχάνειν,
1357 1110 1384 1175 εί

282 1222 314 1289 d'
341 1214 412 1302 oria,
439 1218 519 1286 ἀλλὰ
540 1220 591 1285 καὶ
606 1218 643 1285 τὸ
658 1220 811 1287 δοκοῦντα
830 1210 1059 1302 μεγαλείνεσθοι
1071 1220 1185 1298 μοῖραν
1201 1210 1239 1277 οὐ
1256 1210 1314 1296 τὴν
1328 1238 1385 1279 τν-

281 1331 401 1412 χοῦσαν
428 1323 605 1410 φιλοτιμίας
625 1322 694 1405 ἔχει.
747 1323 780 1387 τί
799 1313 854 1387 οὗν
878 1315 999 1392 ἑαυτοῖς
1021 1315 1169 1404 ἀφέμενοι
1190 1314 1383 1402 μέμφεσθαι,
1393 1333 1428 1385 10

283 1431 548 1514 συναρπασθεῖσιν
564 1422 728 1501 adcucurri
742 1426 884 1493 κίνδυνον
899 1420 1157 1509 έπανηρημένοις,
1181 1423 1292 1501 μῶμον
1307 1418 1385 1485 ἐκεί-

244 1548 269 1602 D
287 1555 330 1621 νιγ
342 1529 586 1617 προστρίβομεν,
613 1531 663 1595 καί
674 1526 743 1593 ἀντί
757 1533 813 1594 τοῦ
829 1522 935 1607 σώζειν
946 1526 1079 1613 μεγίστῳ
1094 1518 1224 1611 ιιινιλιίνην
1236 1518 1386 1607 περιβάλ-

283 1640 376 1721 λομεν
383 1661 394 1717 3
422 1630 525 1709 ι’ίλλιος
545 1655 596 1712 τε,
624 1634 651 1697 εἲ
670 1631 725 1697 καί
741 1630 771 1697 οἳ
793 1630 833 1697 roi
848 1626 1029 1715 παγχάλεπα
1040 1627 1233 1713 alapantes,
1257 1624 1294 1691 τὸ
1310 1631 1386 1710 γοῦν

285 1742 390 1821 σχῆμα
409 1741 466 1817 τῆς
488 1734 613 1813 ἱκετείας
637 1734 743 1801 ἱκανὸν
764 1735 817 1802 καί
838 1733 892 1801 τὸν
911 1728 1056 1802 κάκιστον
1069 1727 1184 1813 σώζειν.
1237 1727 1310 1795 οὐδὲ
1323 1728 1385 1813 γὰρ

285 1838 325 1906 ι’ίν
345 1840 379 1905 τί
396 1843 510 1905 παθεῖν
532 1839 643 1905 ἐκεῖνον
649 1886 660 1919 ,
688 1836 768 1903 ἀλλὰ
787 1837 821 1903 τί
841 1846 937 1904 ποιεῖν
956 1834 1041 1915 ἄξιον
1063 1832 1147 1920 ἡμᾶς
1167 1832 1387 1920 προσιοπιῖν.”
1395 1846 1429 1904 15

284 1947 386 2012 ταῦτα
407 1946 499 2009 τινῶν
520 1938 671 2028 λεγόντων
685 1938 782 2009 idriam
795 1942 876 2010 τισίν
893 1940 1014 2019 ἀδοξεῖν
1029 1940 1068 2007 τὰ
1077 1935 1215 2024 μεγάλα,
1247 1940 1274 2003 εί
1290 1962 1388 2003 eosa-

285 2055 432 2132 προοῖντο
450 2044 505 2111 τὸν
520 2045 630 2131 ἱκέτην.
682 2048 733 2111 καί
746 2046 781 2113 τὸ
794 2046 851 2128 μέν
866 2046 1012 2128 διηνεκῶς
1025 2048 1165 2126 πολεμεῖν
1190 2039 1390 2127 (recipieris

250 2156 275 2211 E
293 2146 410 2240 ἀνάγκη
424 2146 513 2214 τοῦτ’
530 2146 605 2215 atvar
621 2146 665 2233 μὴ
681 2145 928 2233 περιγενομένους
940 2153 1003 2213 τῶν
1019 2141 1144 2211 πάντων
1152 2192 1165 2223 ,
1189 2149 1281 2209 τοῦτο
1299 2144 1333 2209 δ’
1350 2137 1390 2227 ἦν

356 2292 383 2346 6.
401 2284 529 2361 menta
548 2290 580 2342 P.
684 2288 726 2344 15.
745 2283 801 2355 ἂν]
818 2287 881 2343 dei?
984 2289 1027 2341 18.
1043 2285 1287 2357 περιγενομένοιςί

287 2406 459 2477 gestientibus
475 2421 522 2476 pro
539 2402 639 2458 domino
654 2403 749 2460 iniusta
764 2421 843 2476 passo
861 2403 1012 2460 vindicando
1033 2421 1149 2476 pugnare
1165 2403 1321 2476 supervenit.
1356 2421 1391 2462 se

287 2478 349 2533 iliud
366 2475 543 2538 causabimur,
560 2473 718 2541 eiusgratie
734 2476 899 2545 perturbatas
915 2492 958 2526 res
975 2480 1077 2528 nostres
1093 2475 1172 2528 assei
1196 2473 1271 2543 atqui
1285 2481 1392 2529 nostrat

287 2545 374 2600 verius
399 2541 534 2626 praecipiti
557 2541 590 2596 ad
614 2541 755 2598 uerendum
773 2543 898 2598 audaciae
913 2561 991 2614 quain
1008 2543 1069 2598 huic
1086 2544 1162 2614 culpa
1176 2542 1252 2596 istius
1269 2545 1393 2601 bimultos

287 2612 463 2684 imputabitur.
497 2628 531 2664 aii
548 2612 616 2734 quod
633 2628 662 2663 se
679 2610 861 2682 imperatorem
876 2631 934 2667 eise
950 2613 1095 2678 simularit,
1118 2623 1146 2667 et
1162 2621 1193 2666 ut
1208 2611 1254 2666 teli
1271 2613 1319 2667 sibi
1331 2631 1394 2668 soc-

291 2699 451 2740 curreremus
467 2681 552 2734 oravit
624 2681 713 2734 simum
731 2681 856 2753 quiescit
873 2682 1008 2738 εἰσοίσετε
1023 2682 1101 2753 illum,
1117 2690 1146 2736 et
1161 2699 1212 2736 non
1229 2700 1287 2736 esse
1305 2701 1395 2738 rerum

292 2753 394 2824 qualem
418 2767 448 2804 se
471 2749 583 2803 nominat
634 2753 745 2806 aiiuemi
780 2756 809 2804 et
823 2752 866 2806 cui
883 2760 954 2806 certo
971 2754 1068 2822 poterit
1084 2759 1202 2805 constare
1218 2751 1290 2806 ilium
1307 2753 1394 2820 elium,

292 2840 368 2893 quein
395 2821 532 2874 ostendere
552 2818 626 2874 nobis
651 2838 680 2872 se
705 2826 812 2891 paretes
833 2823 921 2886 aiunt,
943 2821 1098 2875 custoditum
1119 2821 1188 2892 apud
1203 2821 1273 2892 ipsos
1290 2839 1395 2876 enemim

292 2890 508 2946 adolescentulum
531 2905 625 2942 revera
647 2887 770 2944 loannem
800 2908 859 2944 esse
882 2891 1036 2945 Lascarimi
1069 2891 1162 2944 deiude
1185 2899 1241 2944 esto
1265 2892 1318 2956 ita,
1343 2891 1394 2944 site

294 2969 380 3016 tamen
395 2959 442 3012 isti
459 2959 565 3026 eulpae,
583 2976 616 3012 ne
632 2974 649 3010 a
666 2963 740 3014 nobis
757 2967 811 3013 tam
827 2960 950 3014 atrociter
966 2958 1119 3013 vindicanda
1131 2959 1262 3024 videatur,
1278 2978 1396 3028 magnam

293 3035 395 3100 partein
418 3027 531 3081 domabit
554 3027 666 3081 invidiae
688 3029 777 3082 innata
801 3031 916 3082 omnibus
933 3037 961 3081 et
975 3030 1029 3084 lete
1046 3029 1183 3082 communia
1206 3030 1331 3100 cupiditas
1347 3046 1396 3082 au·

295 3097 372 3166 gandi
389 3098 517 3150 fortunam
534 3113 614 3162 suem,
651 3099 785 3152 ieesertim
799 3096 934 3164 ingerente
950 3115 980 3152 se
996 3098 1129 3152 crescendi
1145 3098 1278 3153 occasione
1295 3107 1323 3151 et
1338 3107 1395 3152 stii-

295 3167 346 3220 diis
369 3165 495 3218 bominum
518 3166 586 3219 uitro
611 3114 649 3218 ei
667 3167 765 3221 maiore
786 3167 954 3231 vocantibuse
979 3185 1030 3238 quo
1050 3175 1165 3236 tempore
1182 3167 1239 3236 quis
1255 3185 1305 3220 non
1323 3167 1398 3221 venie

296 3233 398 3302 dignam
423 3233 553 3286 existimet
576 3233 736 3290 ambitionem
763 3233 819 3287 eius
835 3235 880 3304 qui
895 3253 1001 3304 regnum
1017 3253 1034 3288 a
1051 3236 1197 3290 volentibus
1218 3237 1330 3290 delatum
1345 3253 1398 3290 non

294 3300 475 3356 recusaverit?
509 3301 573 3370 quid
596 3301 676 3370 igitur
699 3303 794 3359 attinet
815 3304 890 3358 iiobis
912 3305 989 3374 culpe
1011 3303 1102 3358 solutis
1123 3304 1161 3356 iili
1187 3306 1282 3359 crimen
1303 3304 1398 3374 impin-

296 3369 379 3440 geret
412 3385 488 3438 quem
504 3372 593 3451 utique
609 3375 740 3425 absentem
756 3371 944 3440 desideratum,
973 3379 1149 3428 occurrentem
1166 3385 1299 3440 evectum,
1326 3390 1358 3427 ec
1373 3372 1399 3426 si

296 3438 358 3510 quid
374 3437 401 3490 iii
417 3456 447 3490 eo
466 3437 585 3508 deliquit,
628 3456 719 3494 eccere
736 3458 752 3493 e
768 3442 841 3495 nobis
859 3448 975 3495 coactum
993 3443 1062 3495 tueri
1078 3443 1164 3512 potius
1185 3451 1213 3496 et
1229 3457 1334 3494 serrare
1349 3439 1398 3494 de-

296 3507 416 3564 beremus
439 3523 533 3587 quamq
575 3456 626 3560 noi
643 3508 699 3564 sine
714 3509 784 3564 iusta
799 3509 990 3581 vituperatione
1013 3515 1148 3583 nequimus
1171 3513 1274 3575 fecere,
1296 3510 1399 3578 gravis

298 3579 362 3632 simo
385 3576 456 3629 iilum
478 3591 534 3646 peri
576 3593 591 3627 o
615 3594 760 3647 exponere,
787 3579 968 3635 sitientissimis
991 3583 1089 3634 cruoris
1111 3581 1166 3634 eius
1182 3580 1264 3649 ipsum
1281 3577 1399 3634 hostibus

299 3645 472 3701 condonando.
508 3644 581 3714 etqui
596 3645 638 3698 vel
655 3647 807 3702 atrocissimi
823 3658 980 3722 compartum
997 3651 1191 3718 convictumque
1205 3646 1299 3715 flagitii
1316 3648 1401 3716 pessi·

299 3732 418 3785 mumque
435 3713 518 3784 palem
536 3721 614 3784 capnt
630 3715 733 3771 habitus
750 3717 891 3790 supplicia,
907 3722 948 3773 fas
964 3736 997 3774 ac
1012 3717 1168 3774 verecundia
1184 3716 1357 3786 confugientis
1373 3719 1401 3772 io

299 3785 377 3842 fidem
393 3789 473 3854 atque
492 3781 589 3850 asylum
605 3785 772 3854 protectionis
789 3794 907 3854 nemeae,
923 3795 1060 3859 proestare
1074 3787 1197 3841 intactum
1213 3785 1402 3858 immunemque

299 3851 423 3908 communi
439 3851 603 3906 humanitatis
619 3853 705 3909 officio
723 3855 843 3912 deberets
859 3875 944 3929 neque
960 3856 1026 3912 enim
1043 3862 1105 3910 tuuc
1121 3863 1175 3908 tem
1191 3865 1313 3926 spectare
1323 3872 1402 3928 opor-

300 3929 372 3974 teret
387 3921 449 3992 quid
465 3939 522 3974 eum
537 3923 595 3992 pati
611 3921 706 3978 'initum
722 3933 810 3994 emet,
832 3943 911 4010 quani
932 3927 994 3997 quid
1015 3943 1064 3983 nos
1084 3927 1172 3980 tacere
1188 3925 1303 3980 deceret.
1337 3924 1403 3979 aiio

302 3989 405 4070 quidem
425 3989 582 4048 disserentes
602 3993 795 4074 persuadebant
816 3995 945 4065 aliquibus
969 4013 1020 4052 non
1038 4011 1115 4066 posse
1137 3992 1194 4047 sine
1215 4011 1315 4050 summa
1337 4009 1403 4048 roae

302 4063 389 4136 gentps
412 4057 516 4122 infamia
535 4057 612 4130 prodi
634 4063 671 4115 ab
695 4061 761 4133 ipsis
779 4063 890 4134 dedique
905 4063 1022 4119 nostibus
1037 4061 1187 4136 supplicem.
1220 4062 1300 4118 iidun
1315 4068 1402 4118 murco

302 4141 374 4177 anxii
389 4142 474 4208 speum
490 4125 665 4198 iuquirebeiita
690 4133 752 4203 quid
774 4132 854 4204 igitur
872 4133 1018 4204 egendum?
1050 4144 1137 4188 utrum
1152 4135 1315 4204 ommium
1333 4148 1402 4184 sam·

302 4193 370 4265 peri
404 4195 431 4247 id
455 4195 552 4272 quippe
572 4201 713 4269 uecmsqrio
731 4203 852 4275 consequi
868 4219 901 4258 ex
917 4201 1049 4276 proposito
1065 4203 1250 4276 perseverandi
1265 4204 1298 4257 ad
1314 4205 1402 4254 extre-
