3125 4900
257 277 308 348 56
582 279 759 348 GEORGII
778 279 1042 348 PucHYtfflttts

222 463 228 479 '
259 477 294 519 τε
313 455 365 541 καί
385 447 517 532 ξενικόν,
544 445 740 537 ἁρπάσαντες
752 451 808 520 τόν
820 447 944 537 καιρόν,
972 453 1003 518 oi
1015 453 1073 536 μίν
1089 447 1264 537 σἰμόνεσθαι
1282 452 1360 530 τοδς

259 551 458 640 λυπήσοντος
487 552 677 641 δφεγόμενοι,
710 555 741 621 οἱ
768 555 800 621 δ’
832 552 1014 642 ἐφηδόμενοι
1036 565 1119 638 τοῖς,
1153 558 1359 639 είδυνηθεῒεν

260 662 384 739 ἐκείνοι,
406 659 694 744 τολμηθησομίνοις
719 655 809 753 (ταῖς
830 659 888 746 γάρ
912 660 1121 741 καινοτομίαις
1135 657 1184 724 ἀεί
1203 684 1275 728 ποτε
1284 661 1359 743 χαί-

261 785 367 850 ρουσιν
381 759 562 850 ἄνθρωποι,
590 767 641 830 καί
656 760 733 854 ῥᾷόν
747 787 794 839 τις
806 763 880 830 italo
896 761 1000 830 καινόν
1012 761 1106 829 κακδν
1119 755 1265 828 τελεσθέν
1280 764 1358 849 ἐφη-

259 867 351 951 σθείη
375 875 442 943 τοῒς
460 873 617 934 παθοῦσα
645 865 666 952 ἢ
695 866 817 952 όγαθδν
846 867 1017 952 συνησθείη
1049 876 1113 942 τοῖς
1132 861 1383 952 αἰπολαόσασι),5

170 980 246 1034 1²32
261 981 420 1056 συμμιγεῖς
446 977 492 1062 τῷ
517 967 632 1054 πλάθει
653 967 808 1057 γενόμενοι
829 970 935 1055 φωνὰς
957 969 1069 1056 ἧφίουν
1091 967 1192 1046 δεινός
1217 965 1361 1036 κάτωθεν

261 1072 327 1140 άνω
347 1075 398 1140 καί
416 1075 460 1157 μὴ
484 1075 660 1165 φαινομένῳ
678 1080 722 1162 τῷ
741 1079 879 1156 βασιλεῖ’,
906 1075 957 1139 καί
980 1069 1179 1140 ἐπενεκάλουν
1201 1072 1281 1138 κατὰ
1298 1079 1362 1140 τῶν

261 1180 360 1262 δῆθεν
385 1176 539 1259 ἀπίστων,
573 1178 649 1255 τοδς
674 1175 892 1256 Μουζόλωνας
916 1173 1134 1261 αἰνιττόμενοι,
1170 1177 1262 1258 ζῆλον
1282 1172 1361 1264 sindo

262 1281 360 1348 αὐτοῦ
384 1282 436 1346 καί
458 1287 516 1347 τοῦ
536 1280 642 1367 γίνους
658 1283 895 1362 ἐνδεικνυμίνσις
909 1274 1039 1356 ἐοικότες
1054 1275 1183 1366 θερμόν.
1237 1281 1287 1344 καί
1305 1281 1360 1346 ‘lou

261 1385 305 1468 μὴ
321 1380 479 1472 φθάσειαν
492 1386 597 1450 ἐκεῖνοι
615 1384 675 1471 πφδ
689 1389 746 1450 soii
762 1390 876 1450 παθεῖν
892 1379 1061 1469 δράσαντες
1069 1431 1079 1465 ,
1108 1378 1241 1458 δεδιότες
1262 1384 1361 1467 δῆθεν
1370 1391 1404 1444 10

261 1487 447 1552 ἐπέσπευδον
472 1485 530 1569 τὴν
559 1486 609 1552 ἐπ’
641 1488 773 1563 ἐκείνους
802 1492 858 1552 τοῦ
891 1485 1043 1569 βασιλέως
1071 1482 1239 1572 ἐγχάρησιν
1250 1534 1261 1567 ,
1309 1489 1361 1552 καί

259 1587 319 1673 ἅμ’
335 1588 466 1672 ἐδήλουν
485 1587 622 1676 detineo
637 1585 839 1671 dilectionibus
855 1586 975 1676 ἐφήσει·
1003 1593 1028 1656 εί
1044 1589 1075 1656 δ’
1094 1581 1165 1668 σόν,
1192 1588 1264 1654 dtt’
1282 1591 1360 1656 ἐκεῖ·

261 1717 310 1759 νσι
322 1695 372 1758 καί
388 1689 489 1770 οὕτως
501 1695 742 1780 ἐπιδραμοῦνται
758 1695 809 1758 καί
825 1690 1081 1777 καταπράξανται.
1135 1699 1234 1758 ταῦτα
1254 1689 1360 1777 λεγόν-

222 1804 246 1857 Β
264 1821 325 1864 των
347 1793 414 1879 άμα
437 1799 488 1861 καί
509 1793 753 1881 θορυβούντων,
789 1795 819 1861 oi
839 1797 895 1878 τὴν
917 1795 1080 1880 βασιλικὴν
1102 1795 1361 1892 φυλακὴνὶίπιτε-

261 1898 450 1985 τραμμίνοι,
477 1900 620 1986 δηλωθέν
642 1898 788 1976 κάκείνοις
805 1899 841 1964 cd
862 1895 1023 1984 τόλμημα,
1050 1898 1070 1983 ἢ
1094 1900 1146 1964 καὶ
1166 1899 1251 1984 παρὰ
1267 1906 1359 1964 τοῦτο
1369 1906 1402 1962 15

262 1999 428 2088 πρότερον,
462 2002 482 2087 ἢ
509 2003 571 2088 μὴν
590 2000 657 2084 ἅμα
677 2009 722 2092 τῷ
746 2007 897 2086 θορυβεῖν
921 2003 1051 2078 ἐκείνους
1073 2005 1228 2079 δείσαντες
1251 2005 1360 2086 δῆθεν,

262 2102 420 2192 ἐξάγουσιν
435 2104 531 2183 εδθδς
545 2104 581 2172 τό
596 2107 730 2185 παιδίον,
757 2103 837 2170 κατὰ
851 2108 1008 2172 δυσωπίαν
1020 2106 1212 2188 ἐλπιζομίνην
1230 2102 1272 2184 ὥς
1287 2108 1363 2172 ἐκεί·

262 2234 335 2286 νσυς
350 2211 508 2297 ἐμφαίνειν
523 2215 689 2285 ποιοῦντας
703 2209 825 2296 ἐμφανῆ
841 2208 895 2274 τδν
910 2215 1094 2296 κρατοῦντα.
1146 2204 1188 2284 ὡς
1203 2209 1237 2273 δέ
1249 2209 1329 2294 φανί
1344 2248 1362 2264 ·

330 2368 693 2435 tantantummodo.
762 2374 789 2426 9.
802 2369 859 2428 ἐνδ.
871 2371 918 2430 καί
930 2367 1050 2436 ἐοικότες
1059 2371 1091 2425 Ρ.
1160 2371 1202 2426 17.
1215 2367 1256 2440 τό]
1270 2370 1317 2427 καί
1330 2373 1361 2426 Ρ.

264 2509 401 2563 dulcedine
424 2510 548 2565 novitatis
564 2517 592 2566 et
608 2510 758 2567 curiositate
779 2510 837 2582 spel
855 2512 931 2566 mista
947 2528 1006 2565 mox
1022 2510 1126 2565 videndi
1146 2510 1204 2582 quis
1221 2512 1363 2581 responde-

264 2586 307 2631 ret
330 2596 464 2633 successus
486 2582 643 2651 ancipitibus
664 2582 772 2635 ullorum
795 2582 910 2652 coeptis,
936 2590 963 2633 et
980 2599 1013 2633 en
1031 2598 1081 2635 uon
1097 2582 1168 2635 forto
1185 2581 1281 2650 aliquid
1300 2582 1363 2651 ipsis

265 2648 328 2701 utile
345 2650 466 2717 privatim
483 2653 602 2704 estotim
619 2650 851 2721 pemurbeudarum
876 2652 1026 2703 confusione
1046 2666 1130 2703 terum
1148 2651 1260 2704 oriretur
1285 2652 1363 2717 (ino-

263 2717 370 2803 pinatis.
384 2718 452 2771 enim
476 2719 668 2805 mutationibus·
684 2722 741 2805 lere
763 2738 866 2805 semper
883 2720 1044 2803 delectsntur
1061 2719 1190 2785 bominem
1219 2729 1245 2803 et
1261 2720 1363 2773 lucilius

262 2789 1002 2930 tttltittttm,ttltffittldttt”tlt
1020 2789 1363 2927 tltlttt'tltttttt

262 2932 339 2990 tunc,
357 2926 478 2995 inquot,
495 2926 619 2981 militares
633 2930 768 2996 utriusque
784 2929 888 3013 generis
905 2928 1009 2999 copiae,
1028 2928 1120 2999 partim
1136 2929 1252 2981 furentes
1269 2928 1362 2997 partim

262 2994 382 3051 inventes
399 2997 560 3059 lucentibus,
585 2997 655 3067 plebl
674 2999 752 3051 nihilo
770 2998 857 3051 mitius
875 2998 1002 3051 animatae
1018 2996 1109 3067 passim
1127 2994 1241 3062 mixtae,
1257 2997 1362 3050 insanos

263 3066 418 3119 attollebant
442 3066 566 3120 clamores
583 3084 617 3119 ex
634 3067 684 3121 imo
703 3077 731 3121 ct
747 3066 823 3121 atriis
840 3068 931 3138 palatii
954 3084 1056 3120 suctum
1074 3073 1101 3119 et
1116 3066 1245 3118 fenestras
1263 3083 1362 3131 vorsus,

262 3134 309 3186 ubi
330 3132 525 3205 imperatorem,
550 3137 594 3207 qui
618 3153 669 3189 uon
693 3138 854 3207 annuebat,
881 3153 938 3188 etue
961 3138 1103 3207 putebant,
1131 3134 1303 3205 deposcentes
1329 3136 1362 3188 ad

262 3220 369 3273 poenam
387 3204 515 3275 perfidos,
541 3223 591 3275 quo
609 3204 710 3259 nomine
758 3207 879 3260 unalones
898 3205 1053 3269 innuebant,
1078 3203 1158 3256 selum
1177 3204 1202 3257 in
1222 3209 1361 3273 Augustum

262 3278 290 3324 et
307 3289 387 3341 genus
404 3273 459 3326 eius
474 3281 634 3329 ostentantes
652 3283 681 3328 et
696 3274 804 3345 egregie
820 3276 970 3328 simulantes
987 3275 1136 3339 ardentem,
1163 3291 1195 3327 ac
1212 3275 1361 3344 significan·

262 3349 388 3395 tasneto
404 3360 433 3396 se
448 3342 570 3395 mulorum
587 3347 705 3413 Augusto
722 3344 902 3397 imminentium
916 3342 1020 3413 impelli,
1038 3342 1151 3411 nihilque
1168 3344 1274 3397 studere
1292 3342 1361 3395 aliud

262 3411 310 3464 nisi
330 3428 520 3481 praeoccupare
537 3412 669 3465 destinata
685 3414 735 3465 iam
753 3414 787 3465 ab
804 3414 861 3466 istis
877 3412 935 3465 dicu
952 3416 978 3464 in
997 3412 1137 3481 principem
1156 3412 1288 3476 facinora,
1315 3412 1363 3464 δι-

262 3498 343 3550 seque
367 3497 471 3551 opernm
492 3488 522 3533 ut
543 3481 635 3533 melarii
657 3482 770 3535 latrones
796 3483 865 3553 prius
888 3482 954 3534 iuute
978 3482 1111 3551 patiantur
1128 3498 1158 3533 aa
1176 3484 1268 3549 quibus
1291 3480 1363 3549 digni

262 3558 337 3615 suut,
361 3566 435 3619 quum
461 3548 606 3604 immuniter
629 3562 791 3620 exequuntur
811 3552 920 3621 quaein
940 3550 1062 3620 principis
1081 3558 1108 3602 et
1124 3550 1283 3617 reipublicae
1302 3566 1364 3618 pes-

262 3619 353 3672 uiciem
378 3618 504 3688 cogitant.
537 3618 588 3673 buo
610 3619 734 3672 benevola
758 3619 791 3672 de
815 3622 898 3673 ealute
920 3620 1082 3691 imperatorii
1104 3619 1267 3672 solicitudine
1291 3635 1363 3671 mosi-

262 3688 368 3773 strunde
388 3688 417 3773 id
439 3688 567 3758 agebant,
592 3697 623 3741 ut
646 3704 775 3773 assensum
799 3690 856 3774 eius
873 3690 899 3743 in
919 3690 968 3741 vim
989 3706 1065 3758 quam
1085 3689 1211 3757 parabant
1228 3688 1362 3771 elicccent,

262 3758 661 3897 ttttttttffiffltttt
680 3756 1260 3897 titt?tillttltt'ttttltf't
1276 3756 1382 3878 tlt·

263 3908 429 4013 φτοαοτοσευο
447 3914 497 3980 quo
514 3896 692 3961 intenderent,
710 3906 738 3949 et
754 3897 884 3951 destinata
904 3904 1106 3967 perpetraturos.
1141 3894 1203 3947 talla
1221 3892 1272 3945 illis
1289 3894 1364 3946 voci·

276 3964 424 4032 ersntibus,
447 3965 524 4019 simul
540 3972 570 4023 et
583 3965 810 4031 tumultuantibus,
832 3968 851 4019 il
870 3969 962 4037 quibus
983 3968 1116 4021 commissa
1134 3962 1258 4033 principis
1276 3972 1364 4015 eusto-

262 4027 306 4082 dia
324 4030 423 4098 luerat,
448 4034 505 4088 slve
522 4052 537 4088 e
554 4034 675 4105 quopiam
691 4037 725 4089 de
741 4053 771 4089 re
788 4053 854 4106 quae
877 4038 1002 4105 agebatur
1019 4036 1093 4105 prius
1111 4032 1214 4096 edocti,
1239 4030 1296 4085 eise
1312 4031 1363 4083 sibi

262 4098 327 4151 isis
352 4098 378 4151 iu
401 4108 473 4155 tanto
496 4106 604 4157 tumultu
627 4112 785 4170 metuentes,
810 4106 923 4159 educunt
946 4121 1051 4175 puerum
1070 4110 1227 4173 Angustum,
1253 4118 1317 4169 pree
1334 4115 1363 4153 se

275 4175 377 4249 erentes
394 4170 420 4221 id
437 4187 467 4223 se
482 4190 562 4239 agere
576 4190 625 4244 spe
643 4173 785 4243 placandae
801 4174 934 4228 seditionis
957 4182 1063 4244 aspectu
1082 4185 1109 4225 et
1126 4170 1274 4225 reverentis
1291 4170 1363 4239 prin-

262 4236 343 4307 cipis,
374 4241 592 4313 componendiquo
614 4250 678 4298 nutu
701 4243 758 4298 eius
780 4245 807 4299 in
831 4244 978 4299 modestiam
1002 4242 1132 4313 inquietos
1155 4242 1257 4294 furores
1281 4238 1362 4311 plebis
