3125 4900
498 260 617 333 unt
660 213 935 331 uuosssmun
1193 263 1268 337 sse

34 472 52 511 „
170 428 250 491 niter
262 425 340 489 euim
351 444 386 487 ee
398 434 576 511 tenpestate
588 428 755 491 invelueret
769 437 806 489 ut
818 427 986 490 'l‘hesseliee
998 438 1140 489 montena
1160 428 1269 511 Magne

169 512 291 575 Bleehie
303 524 494 575 vocarentur.
517 514 633 575 Nicetes
647 515 681 575 in
693 515 841 575 Belduino
854 514 987 575 Flendro
999 535 1029 594 p.
1041 519 1105 581 818
1119 516 1167 575 ed.
1180 516 1268 583 Basil.

170 620 219 661 en.
238 598 336 667 1657:
357 598 407 663 lsl
425 598 458 665 dl
477 595 597 675 τούτοις
615 598 667 663 καλ
686 598 774 673 ἄλλος
787 624 833 675 τις
846 597 885 663 ed
899 602 1057 674 Θετταλίας
1069 599 1269 683 κοιλχωνμο-

34 718 45 773 μ
169 683 283 763 tione,
305 679 326 747 ii
345 689 406 748 sos
425 678 539 767 μεγάλη
553 686 665 766 Βλαχλο
678 682 883 765 κικλήσκεται,
903 679 1057 768 tosseim
1069 678 1111 771 sie
1122 690 1184 750 eus
1198 686 1270 751 tut

38 820 48 840 ,
167 768 276 843 huius,
297 769 350 847 qui
363 778 497 849 tempore
512 770 650 831 llelduini
662 770 913 849 Megeloblechitis
925 772 1167 850 imperitaveeet,
1187 790 1268 834 unus

38 848 46 929 ’,
168 854 415 915 emccessoribm
426 856 483 916 luit
493 855 543 915 bic
555 856 680 919 loannes
690 856 841 917 Michaelis
853 854 995 936 deepotee
1002 854 1132 931 nothus,
1152 856 1191 915 de
1205 877 1267 935 quo

40 933 46 945 ’
167 938 220 1001 hic
234 938 437 1019 Peehymeree.
478 943 612 1001 meminit
625 942 714 1002 etiem
728 936 857 1025 μεγάλης
871 943 1002 1023 Βλαχλας
1012 941 1156 1023 Georgium
1169 942 1269 1003 Aero-

165 1025 228 1115 pol.
242 1024 319 1087 nisu
333 1034 405 1086 sect.
421 1026 460 1093 15
472 1046 502 1105 p.
514 1031 555 1093 23
571 1027 618 1087 ed.
631 1026 702 1107 lleg.
719 1036 750 1087 ot
767 1034 838 1086 sem.
853 1030 895 1092 88
909 1047 939 1106 p·
952 1032 1003 1093 88.

253 1108 381 1191 μλλκοκ
400 1132 430 1191 p.
446 1110 510 1179 478
533 1132 563 1173 ν.
578 1116 608 1177 8.
647 1110 682 1177 ed
698 1109 730 1175 dl
742 1116 797 1191 τῆς
811 1104 907 1192 μάχης
918 1146 961 1159 -
975 1107 1032 1191 μὲν
1043 1110 1153 1188 tortos.
1192 1108 1267 1181 been

168 1194 257 1257 valde
269 1196 410 1277 perplexe
424 1204 510 1272 sunt,
532 1216 616 1261 more
630 1217 665 1257 eo
676 1196 778 1259 indole
793 1198 941 1275 euctoris,
962 1218 1024 1255 non
1035 1216 1104 1255 rsro
1120 1195 1267 1273 queedem

168 1281 326 1343 dimidiete
343 1282 537 1361 congruentis.
579 1282 701 1345 videtur
723 1293 823 1343 eutem
841 1282 893 1342 hio
912 1281 1081 1343 summetim
1101 1288 1132 1339 et
1150 1280 1266 1359 lastigie

166 1386 292 1447 oerpens
314 1366 447 1429 indicere
468 1388 544 1447 queo
563 1376 661 1429 essem
680 1379 755 1429 tuno
773 1368 929 1427 bominum
949 1366 1085 1445 querelee
1099 1365 1266 1445 descriptis

166 1450 264 1513 Vecrs'.
305 1472 398 1532 porro
418 1472 481 1514 vox
502 1452 601 1535 pileos
622 1456 665 1515 sio
684 1454 726 1513 ibi
748 1452 877 1532 ebrnpte
886 1453 1016 1533 pendet,
1034 1451 1155 1532 punctis
1165 1450 1266 1511 clause

35 1604 37 1613 ‚
165 1537 199 1597 in
212 1546 341 1615 utroque
355 1558 401 1597 ms
413 1538 439 1599 Β
452 1546 483 1599 et
496 1538 536 1600 A:
554 1560 625 1601 nene
645 1538 807 1601 Vetioenue
825 1538 910 1603 huno
930 1538 1046 1615 locum,
1066 1546 1105 1598 ut
1117 1537 1181 1597 lere
1196 1556 1266 1595 cee-

34 1631 37 1699 f
165 1631 249 1683 teroe
266 1622 415 1701 difficiles,
436 1642 557 1685 securus
578 1624 716 1686 transilit.
758 1624 879 1707 μέλεον,
898 1632 936 1684 ut
950 1633 1056 1683 notum
1069 1631 1131 1699 est,
1150 1622 1266 1702 signiti-

34 1705 41 1786 '‚
165 1716 216 1769 oet
235 1710 269 1767 iss
283 1730 424 1786 caseum,-
445 1708 528 1769 unde
542 1716 572 1769 et
586 1728 696 1771 nomen
711 1706 816 1791 μλλιος
828 1719 888 1783 est,
908 1728 1021 1770 venum
1038 1716 1069 1766 et
1084 1727 1267 1788 superuene-

36 1800 39 1809 '
162 1812 256 1855 neum
276 1814 393 1857 mnene.
435 1794 460 1855 si
479 1796 684 1857 emendatione
702 1795 854 1859 mruudus
874 1793 924 1854 hic
940 1794 1025 1854 locus
1045 1802 1139 1870 emet,
1165 1800 1268 1874 posset
1355 1866 1359 1875 Ι

163 1878 288 1941 reembi
307 1879 428 1960 μ8λιοκ,
448 1886 484 1940 ut
500 1881 713 1961 intelligeretur
731 1881 870 1960 dogmete
886 1880 1001 1939 moveri
1015 1880 1145 1955 trustes,
1166 1880 1266 1937 inces-

164 1984 248 2040 sum,
268 1963 483 2046 intempestive.
524 1968 578 2026 sed
595 1968 700 2027 melius
717 1966 792 2027 citne
806 1966 899 2025 ullem
913 1965 945 2023 in
957 1972 1102 2025 contextu
1116 1964 1265 2023 mutetis-

165 2069 235 2109 nem
246 2050 444 2130 intelligemus
459 2054 683 2113 commemorem
696 2051 856 2111 rummesie
868 2058 898 2109 et
908 2068 963 2129 per
976 2048 1132 2109 inoboetes
1143 2057 1265 2109 tentum

164 2136 341 2211 seutentiee,
362 2156 438 2215 ques
456 2145 531 2199 tuuc
550 2158 602 2199 ore
622 2138 703 2217 vulgi
724 2146 830 2197 contre
843 2136 975 2197 Vscoum
988 2144 1020 2195 et
1032 2132 1266 2193 eiadhaerontee

35 2284 36 2287 ,
164 2220 369 2297 iectebentur,
395 2221 470 2283 bueo
490 2224 650 2298 nimirum,
675 2225 792 2283 moveri
817 2221 858 2279 ab
878 2223 956 2300 ipsis
975 2223 1182 2299 intaepeetivs
1205 2217 1264 2278 do-

35 2304 36 2333 ³
160 2316 283 2386 ἕποιο.
325 2327 421 2367 vanos
436 2329 497 2367 esee
511 2308 647 2369 domines
659 2320 688 2367 et
700 2311 812 2367 inania
822 2310 978 2367 miscentes
989 2307 1098 2385 iurgia
1110 2314 1166 2365 eto.
1208 2323 1265 2363 ex-

161 2390 297 2472 plerique
316 2392 495 2474 iucomplete
516 2396 611 2456 oratio
631 2402 730 2474 posset
746 2392 910 2474 repetendo
923 2387 958 2456 ed
970 2386 1016 2454 ln
1029 2391 1166 2470 superius
1179 2389 1263 2470 posi-

161 2485 246 2552 tum,
265 2477 298 2536 in
312 2477 395 2538 bunc
409 2480 549 2557 modum,
571 2475 617 2545 des
628 2485 787 2544 κινοῦνται
799 2476 942 2563 δόγματα,
961 2471 1008 2540 ‘iu
1019 2474 1120 2558 μέλεολ
1134 2477 1193 2540 eloe
1205 2485 1262 2536 elo.

35 2570 36 2648 j
162 2581 236 2622 mox
250 2563 358 2624 recitat
372 2565 463 2625 verbe
476 2565 540 2647 ipse
551 2565 835 2647 reprehendentium
848 2565 979 2626 Veceum
991 2571 1024 2622 et
1036 2581 1176 2642 sequeoes
1186 2561 1262 2623 eius:

164 2641 228 2712 eleo
239 2644 314 2728 ὑμῖν
330 2647 431 2726 λφοῖοο
445 2659 503 2713 eto.

35 2741 36 2744 ’
248 2727 417 2814 μεσάζων
438 2756 469 2815 p.
484 2735 547 2801 352
561 2754 593 2798 v.
608 2738 658 2800 16.
700 2733 872 2794 chronicon
893 2729 1151 2808 constentinopol.
1169 2721 1263 2810 μοοοὶ-

35 2817 36 2820 '
162 2819 251 2893 ζοντα
270 2839 379 2880 nomen
399 2821 550 2900 dignitatis
569 2819 716 2900 agnoseit,
738 2839 828 2898 quem
842 2838 910 2876 oum
926 2817 1026 2894 megel
1041 2815 1143 2887 dume,
1164 2813 1262 2889 magni
1377 2832 1383 2844 ·

162 2903 317 2964 domestici
337 2914 368 2965 et
385 2907 613 2986 protostretorle
625 2914 657 2965 et
671 2903 892 2986 protovestierii
907 2900 1101 2980 dignitatibus
1114 2895 1263 2974 amplissi-

160 2989 217 3050 mis
236 3001 408 3069 comperet,
430 3001 461 3051 et
484 3011 548 3052 eem
568 3001 643 3052 tuno
661 2991 807 3051 tribulem
819 2995 964 3047 nse-orat
978 2983 1097 3046 cuidem
1111 2983 1261 3041 &nnm-

160 3095 252 3152 seuo,
276 3095 351 3154 quse
364 3085 430 3136 eret
442 3077 553 3138 sensilia
566 3097 605 3136 ex
617 3075 774 3158 primeriie.
803 3073 885 3135 unde
896 3071 1087 3150 intelligimus
1100 3069 1261 3146 magistre,-

160 3169 212 3220 tus
229 3159 263 3218 id
278 3181 386 3222 nomen
407 3163 495 3222 luieee
516 3163 549 3222 in
564 3160 892 3242 Constantinopolilene
906 3158 973 3216 sule
985 3156 1018 3216 in
1034 3153 1138 3235 primis
1158 3153 1260 3232 splen-

161 3245 242 3320 didi,
263 3247 313 3306 cui
333 3249 526 3328 proportione
547 3248 672 3308 similem
691 3247 773 3326 epud
792 3265 861 3305 suos
883 3243 990 3303 Serbos
1007 3240 1059 3300 hic
1080 3247 1261 3299 memoratus

160 3331 304 3410 Georgius
324 3343 447 3411 gereret.
489 3343 675 3412 sequestrum
689 3333 794 3392 Latine
820 3329 919 3390 dicore
942 3337 1094 3410 potorem:
1116 3324 1169 3384 sed
1189 3343 1260 3383 cum

158 3417 217 3492 eit,
237 3426 274 3477 ut
293 3415 358 3480 dixi
375 3427 404 3478 et
422 3419 569 3483 Meureius
583 3419 739 3496 observet,
759 3414 911 3496 dignitatis
924 3413 1063 3494 propriae
1077 3412 1261 3479 Greecorum

158 3521 285 3577 nomen,
306 3503 449 3565 usitatum
462 3505 533 3584 ipsis
545 3503 724 3566 vocabulum
740 3503 870 3564 retinere
883 3501 977 3560 setim
990 3508 1037 3558 est
1048 3497 1147 3560 risum
1157 3495 1172 3529 *
1181 3493 1204 3578 ).

234 3591 477 3665 ΙΜκσοθκκνλοι
496 3588 549 3653 καλ
570 3593 844 3653 Μιοοθινῖται
864 3605 894 3667 p.
913 3591 979 3651 810
991 3604 1022 3646 v.
1042 3586 1072 3648 8.
1113 3581 1261 3654 ΔΙίοοιιοΙ»
1276 3587 1300 3644 l’
1314 3586 1365 3643 4⁰¹

155 3671 222 3730 sivo
244 3681 281 3732 ut
299 3673 473 3736 Euststbiue
493 3675 683 3740 scribendum
701 3674 846 3756 peeecipit
860 3671 1008 3752 plerisque
1025 3687 1088 3728 non
1103 3667 1260 3744 obtenspe*
1313 3703 1318 3713 ·

92 3756 96 3765 ’
158 3757 308 3833 rantibus,
329 3757 503 3836 Helisonos,
523 3769 703 3820 memoratos
714 3761 846 3820 Homero
860 3757 1018 3818 Herodoto
1032 3750 1174 3814 Straboni
1188 3753 1258 3810 Sto·-

159 3840 259 3921 phano
282 3854 313 3902 et
333 3843 410 3921 eliis,
432 3866 610 3926 quemquem
626 3866 694 3908 eum
707 3847 805 3924 alique
818 3844 986 3923 scripturae
996 3837 1158 3914 verietate,
1179 3839 1256 3918 Scy-

158 3926 242 3986 thiee
261 3928 435 4009 Europaeos
450 3932 591 4012 populos,
618 3931 769 3992 communi
788 3928 929 3990 Graeciae
944 3923 1129 4006 Byeentinee
1150 3941 1257 3982 reeen-

156 4010 246 4072 tioris
267 4012 394 4077 dieleoto
412 4017 740 4078 Menoths'nitasdiotos
761 4015 943 4077 eredendum
959 4007 1258 4089 eciliooll’echymeti

157 4107 212 4158 est
254 4099 295 4160 ed
312 4099 531 4184 intelligendam
548 4111 648 4166 eutem
661 4104 724 4164 eius
736 4099 944 4185 appelletiouis
958 4096 1105 4161 retionem
1118 4095 1260 4177 effingens

227 4283 265 4355 ⁸)
299 4285 335 4340 et.
349 4286 468 4344 Glosem.
483 4289 558 4344 ellee.
575 4305 600 4342 e.
615 4283 815 4358 persuasiones.
